2863 3690
247 258 316 306 {2'

246 393 296 450 6,
326 391 430 439 ’312
465 388 663 443 tandem,
699 391 828 449 quasi
863 399 1017 443 parem
1051 400 1097 429 sc
1132 381 1228 428 fore
1262 382 1500 442 desperans
1535 389 1682 426 tantae
1716 378 2042 439 repetitionum
2058 380 2383 430 ‘multitudinix
2430 383 2584 441 „tales',

246 463 426 525 inquit,
461 459 753 516 repetitiones
788 457 838 498 in
872 450 1078 497 Aeneide
1112 459 1206 495 tam
1245 449 1428 494 crebrae
1463 456 1597 504 sunt,
1640 456 1694 493 ut
1727 449 2034 507 periculosum
2057 448 2274 496 ‘videatur
2294 447 2394 495 ²eas·
2415 450 2585 514 ubique

106 531 420 586 mliere-
492 525 740 570 Testantur
786 519 1043 566 Aeneidem
1084 537 1110 562 a
1144 517 1374 577 Vergilio*
1398 533 1491 561 non
1534 532 1627 560 esse
1670 515 1982 560 absolutamss“'
2009 520 2190 573 :Quare
2210 518 2387 564 ‘deinde
2432 512 2594 563 nimiis*

227 588 351 656 'ejus
382 595 560 657 generis
594 587 951 635 correctionibus
987 585 1221 644 abstinuit.
1293 583 1469 631 Verum
1503 597 1560 629 ne
1595 586 1646 629 in
1681 582 1912 644 prioribus
1930 582 2299 645 ·qmdeffl¹1ibris
2324 585 2437 633 sibi*
2472 583 2587 631 ωη-

247 660 390 719 εΰῇιό.
416 677 513 706 non
547 658 819 718 reprehenso
854 655 978 716 quod
1012 669 1127 698 ιο.
1149 652 1279 696 unda
1311 652 1478 710 legitur
1515 652 1560 704 3,
1599 650 1713 696 195.
1751 651 1864 697 200.
1899 650 2015 697 202.
2052 649 2175 707 209ς
2210 669 2306 698 nox
2335 654 2452 700 ibid.
2476 653 2587 699 195.

251 727 367 777 198.
402 727 518 773 201.
555 721 699 781 2043·
728 738 901 781 aequor
939 721 993 774 3,
1041 721 1156 766 262.
1203 715 1317 772 264.
1365 717 1467 763 268
1502 726 1549 761 et
1584 719 1639 769 5,
1685 717 1801 764 819.
1832 717 1965 773 ‘8213
2018 716 2185 777 Tyrius
2225 721 2270 773 1,
2305 722 2434 778 ⁴336.
2471 719 2595 767 33&

251 795 381 853 3403
400 810 402 812 ’
422 793 578 841 macas
614 793 669 846 5,
717 786 833 836 487.
868 785 985 835 489.
1021 796 1066 833 et
1101 782 1215 833 504.
1253 786 1365 832 505.
1432 783 1591 848 Itaque
1636 784 1762 847 quod
1810 783 1899 830 illis
1934 785 2046 831 locis
2092 792 2239 847 neque
2269 787 2588 850 Peerlkampio

249 879 336 912 nec
370 866 581 928 cuiquam
616 861 692 903 alii
727 859 969 902 molestum
1003 863 1081 900 aut
1114 854 1416 912 injucundum
1452 858 1600 898 visum
1635 860 1717 907 est,
1761 852 1848 895 hoc
1884 857 2053 911 pariter
2087 853 2281 900 feremus
2315 869 2377 899 eo·
2404 856 2461 900 de
2491 869 2590 919 quo

250 938 428 991 ,δίψης
457 932 575 981 loco,
619 930 701 971 ubi
723 926 907 984 fluctus
941 930 1113 981 saepius
1148 914 1392 980 repetitum
1428 924 1498 966 vel
1533 938 1643 965 sono
1660 920 1924 964 fluctuantis
1949 927 2085 966 maris
2119 926 2365 983 imaginem
2399 938 2588 983 reprae-

253 996 429 1048 sentare
463 996 688 1046 videatur.
1870 1022 1873 1024 ,
2013 1008 2017 1013 .
2159 1020 2163 1025 ,
2454 1006 2458 1011 ,
2500 987 2504 990 ·

382 1098 384 1100 -
460 1066 575 1112 109.
615 1065 746 1109 Saxa
779 1069 947 1107 vocant
983 1062 1098 1104 Itali
1127 1060 1294 1104 mediis
1327 1075 1445 1119 quae
1478 1059 1527 1100 in
1547 1055 1778 1118 fluctibus
1812 1058 1959 1103 Aras.
2030 1058 2163 1103 Unus
2198 1060 2273 1104 hic
2308 1069 2375 1104 est
2409 1076 2433 1105 e
2468 1062 2591 1105 mul-

251 1142 311 1182 tis
344 1139 473 1190 locis,
510 1149 621 1193 quos
656 1134 707 1177 P.
743 1146 901 1189 parum
938 1145 1098 1172 curans
1137 1137 1339 1172 veterum
1376 1135 1608 1187 poetarum
1643 1140 1818 1169 morem
1851 1126 1955 1169 talia
1991 1128 2266 1171 carminibus
2294 1129 2598 1183 immiscendi,

250 1214 305 1249 ut
323 1207 587 1265 glossemata
609 1199 905 1259 geographica
923 1205 1001 1239 aut
1035 1197 1335 1256 etymologica
1374 1200 1453 1239 vix
1488 1194 1703 1237 chronico
1736 1192 1891 1237 libello
1927 1194 2065 1252 digna
2100 1194 2243 1239 deleri
2278 1197 2425 1253 jussit.
2459 1197 2595 1240 Lon-'

253 1289 359 1333 gam
404 1285 556 1318 eorum
601 1271 763 1311 seriem
799 1265 931 1310 Jahn.
966 1268 1016 1309 in
1052 1279 1170 1308 cens.
1205 1266 1510 1317 enumeravit,
1558 1261 1679 1306 unde
1715 1276 1869 1305 rursus
1905 1261 2210 1320 Peerlkampii
2232 1267 2594 1309 inconstantiam

253 1349 520 1399 cognoscere
557 1336 690 1390 licet,
737 1336 815 1392 qui
850 1333 950 1376 aliis
984 1333 1094 1376 locis
1130 1331 1270 1375 multa
1306 1331 1506 1388 ejusdem
1542 1332 1718 1388 generis
1754 1331 1921 1372 intacta
1957 1328 2202 1388 reliquerit.
2273 1331 2423 1386 Quem
2459 1343 2593 1388 supra

252 1410 514 1467 scripsimus
551 1418 727 1445 versum
764 1415 908 1462 quum
943 1407 1043 1457 post
1060 1399 1316 1458 Bryantum
1350 1401 1486 1440 etiam
1504 1397 1660 1456 Heyn.
1696 1404 1749 1438 ut
1783 1399 1989 1454 spurium
2025 1400 2235 1450 notasset,
2269 1407 2389 1442 recte
2411 1397 2592 1457 Wagn-

253 1473 473 1519 defendit.
549 1469 806 1516 Verborum
841 1467 1049 1511 ordinem
1084 1466 1235 1510 Thiel.
1268 1466 1391 1509 hunc
1426 1480 1517 1508 esse
1562 1464 1703 1508 vidit:
1752 1465 1879 1520 Quae
1928 1479 2033 1507 saxa
2076 1464 2236 1509 mediis
2279 1469 2331 1509 in
2375 1465 2591 1509 fluctibus

250 1542 354 1588 Itali
390 1539 510 1584 Aras
548 1544 725 1582 vocant.

405 1606 407 1609 ’
462 1606 560 1651 159
596 1619 695 1662 sqq.
729 1603 820 1647 Est
854 1603 904 1645 in
938 1618 1121 1646 secessu
1155 1602 1293 1660 longo
1328 1601 1457 1643 locus
1492 1608 1576 1643 cet.
1624 1599 1722 1642 Hos
1758 1598 1957 1657 Vergilii
1992 1614 2146 1644 versus
2183 1600 2420 1646 Claudian.
2456 1616 2594 1645 carm.

254 1679 320 1725 36
359 1674 467 1737 (31)
501 1677 564 1717 sic
601 1675 813 1716 variavit:
851 1670 941 1715 Est
971 1670 1136 1730 procul
1169 1668 1351 1728 ingenti
1382 1668 1512 1727 regio
1548 1673 1782 1710 summota
1816 1681 2028 1721 recessu,
2069 1666 2232 1713 Insula
2262 1674 2371 1728 'qua
2415 1668 2591 1713 resides

239 1746 427 1806 fluctus
459 1741 700 1785 mitescere
734 1739 874 1795 cogit,
912 1738 969 1779 In
1002 1739 1195 1794 longum
1226 1736 1457 1795 producta
1490 1737 1631 1787 latus,
1655 1731 1936 1793 fractasque
1966 1750 2054 1793 per
2087 1735 2242 1778 undas
2265 1735 2430 1779 Ardua
2455 1744 2590 1779 tran-

250 1812 392 1873 qm‘llo
427 1813 682 1853 curvantur
716 1803 909 1848 brachia
937 1814 1095 1865 portu.
1152 1804 1330 1859 Quibus
1367 1818 1510 1864 quum
1545 1800 1704 1845 titulus
1739 1804 1798 1844 sit
1832 1804 2105 1859 inscriptus:
2142 1801 2234 1846 Est
2264 1802 2313 1845 in
2348 1811 2594 1863 conspectu

250 1882 389 1939 longe
423 1878 567 1928 locus,
602 1874 655 1917 P.
695 1882 739 1917 et
777 1872 1078 1917 Claudianum
1113 1871 1234 1928 apud
1270 1870 1528 1929 Vergilium
1563 1873 1624 1912 ita
1659 1868 1819 1928 legisse
1854 1868 2102 1912 arbitratur
2146 1878 2191 1913 et
2228 1885 2272 1913 se
2306 1871 2428 1914 idem
2463 1885 2593 1929 prae-

249 1950 453 1993 laturum
497 1957 588 1986 esse
634 1945 726 1995 ait,
772 1945 809 1984 si
855 1940 983 1983 codd.
1027 1939 1260 1982 haberent.
1333 1938 1572 1982 Secessum
1615 1940 1738 1980 enim
1782 1941 1887 1980 satis
1928 1950 2007 1993 per
2054 1935 2279 1997 objectum
2313 1938 2514 1982 laterum
2547 1946 2594 1982 et

250 2015 470 2060 reductos
504 2010 632 2053 sinus
668 2008 857 2052 ostendi.
931 2007 1068 2062 Quod
1104 2015 1155 2049 ut
1190 2006 1510 2058 concedamus,
1557 2019 1764 2047 secessus
1798 2008 2269 2048 commemorationem
2305 2021 2400 2049 non
2434 2021 2592 2049 neces-

254 2085 420 2127 sariam
454 2091 572 2130 esse3
607 2077 760 2134 pulcre
796 2084 946 2118 tamen
981 2082 1027 2116 et
1061 2081 1163 2131 apte
1198 2074 1404 2131 pluribus
1439 2072 1554 2115 illud
1589 2070 1912 2127 confirmatur,
1947 2071 2097 2115 locum
2132 2073 2418 2117 reconditum
2455 2082 2500 2117 et
2534 2074 2590 2116 ab

251 2151 345 2194 alto
378 2149 496 2192 mari
530 2145 664 2202 longe
700 2150 925 2187 remotum
960 2140 1110 2195 fuisse,
1155 2145 1372 2202 quoniam
1407 2140 1508 2183 talis
1543 2141 1666 2184 locus
1701 2147 1963 2197 tempestate
1998 2147 2045 2183 et
2077 2139 2291 2184 fluctibus
2328 2141 2503 2198 jactatis
2538 2157 2592 2186 eo

252 2218 453 2275 optatior
487 2227 539 2255 ac
574 2214 717 2254 tutior
751 2210 893 2254 videri
930 2208 1135 2253 debebat.
1206 2209 1380 2251 Similia
1415 2222 1465 2249 ac
1500 2214 1759 2265 comparatu
1796 2206 1933 2265 digna
1968 2220 2082 2268 quae
2121 2207 2165 2261 3,
2200 2207 2298 2253 229
2334 2223 2398 2266 sq.
2432 2210 2594 2268 legun-

252 2293 352 2327 tur:
387 2280 580 2326 Rursus
614 2277 666 2320 in
699 2291 881 2320 secessu
915 2276 1054 2333 longo
1090 2273 1174 2318 sul>
1209 2290 1323 2335 rupe
1357 2282 1526 2318 cavata
1540 2271 1798 2317 Arboribus
1834 2273 1986 2317 clausi
2016 2274 2189 2318 circum
2224 2282 2362 2335 atque
2394 2276 2591 2320 horren-

253 2349 376 2394 tibus
420 2345 598 2392 umbris
644 2344 927 2388 Instruimus
961 2359 1162 2386 mensas.
1231 2343 1385 2400 Ipsum
1435 2341 1732 2386 Claudianum
1778 2341 1898 2400 apud
1933 2341 2076 2400 Verg.
2121 2358 2215 2386 non
2258 2344 2388 2387 aliter
2432 2345 2590 2402 legisse

252 2414 492 2462 manifesto
526 2414 692 2457 docent
725 2413 822 2469 ejus
857 2411 1015 2455 verba:
1055 2409 1145 2453 Est
1171 2409 1341 2470 procul
1372 2408 1554 2467 ingenti
1583 2407 1714 2467 regio
1749 2415 1980 2452 summota
2014 2423 2215 2453 recessu.
2284 2411 2394 2454 Jure
2439 2417 2590 2455 autem

252 2488 497 2534 miramur,
543 2479 734 2523 eundem
771 2482 851 2540 qui
899 2486 1242 2521 coaetaneorum
1278 2476 1370 2520 fere
1405 2481 1679 2533 scriptorum
1716 2479 1984 2519 testimoniis
2018 2484 2066 2519 ct
2098 2480 2424 2538 antiquissimis
2460 2476 2591 2522 libris

254 2551 391 2595 fidem
432 2552 567 2594 toties
614 2547 923 2605 denegaverit,
974 2547 1053 2590 tali
1099 2546 1234 2589 titulo
1280 2544 1458 2588 credere
1504 2547 1726 2602 potuisse,
1772 2558 1910 2605 quem
1953 2544 2089 2588 nihili
2136 2544 2460 2589 aestimandum
2497 2561 2590 2590 esse

256 2618 566 2662 doctissimum
602 2614 834 2657 hominem
867 2614 1024 2671 ingere
1060 2630 1152 2657 non
1187 2613 1392 2666 debebat,
1427 2615 1690 2668 praesertim
1726 2626 1870 2671 quum
1908 2614 2084 2655 vitiatae
2117 2613 2324 2656 lectionis
2358 2612 2460 2657 fons
2495 2629 2590 2658 non

255 2683 498 2730 admodum
532 2686 594 2727 sit
628 2679 903 2725 reconditus.
970 2679 1171 2725 Videtur
1205 2683 1327 2724 enim
1361 2679 1572 2724 librarius
1609 2691 1782 2722 memor
1815 2677 1904 2721 loci
1942 2677 1989 2732 2,
2023 2679 2085 2725 21
2135 2677 2226 2724 Est
2257 2679 2310 2723 in
2343 2687 2590 2740 conspectu

264 2749 472 2796 Tenedos
504 2758 752 2811 utrumque
787 2762 965 2791 versum
1001 2749 1123 2790 inter
1164 2763 1210 2791 se
1253 2745 1521 2789 confudisse.
1593 2743 1685 2788 Est
1729 2744 1779 2787 in
1812 2754 2057 2806 conspectu
2098 2762 2155 2791 ne
2199 2754 2357 2805 aptum
2403 2747 2588 2809 quidem

252 2821 303 2865 h.
335 2821 369 2863 1.
400 2817 532 2862 foret.
601 2816 742 2872 Quod
776 2822 961 2874 apparet
995 2819 1033 2857 si
1069 2818 1363 2874 quaesiveris:
1398 2815 1634 2870 cujusnam
1668 2817 1717 2855 in
1753 2815 2047 2870 conspectu?⁴
2076 2830 2134 2858 an
2169 2815 2485 2857 Teucrorum?
2524 2840 2584 2849 —

252 2886 382 2945 Ergo
417 2884 585 2928 Teucri
619 2887 758 2927 totius
791 2889 951 2942 portus
985 2890 1031 2924 et
1065 2890 1300 2925 externam
1335 2888 1381 2924 et
1414 2884 1641 2923 internam
1677 2882 1870 2936 speciem
1897 2882 2051 2942 ,qualis
2085 2881 2161 2924 hic
2195 2879 2460 2940 depingitur
2493 2883 2586 2938 jam

254 2968 281 2999 e
313 2946 571 3012 longinquo
603 2953 652 2995 in
685 2949 777 2995 alto
810 2950 927 2994 mari
961 2951 1330 3008 conspexissent3
1364 2945 1490 3010 quod
1525 2944 1623 2991 fieri
1657 2961 1750 2992 non
1785 2950 1949 3008 potuit.

470 3017 582 3062 179.
617 3017 681 3059 Et
722 3026 900 3061 torrere
941 3024 1119 3075 parant
1148 3014 1367 3073 flammis
1409 3022 1455 3058 et
1475 3010 1708 3072 frangere
1753 3030 1906 3058 saxos
1956 3015 2271 3072 Peerlkampio
2316 3017 2585 3077 explicanti:

257 3104 350 3133 non
379 3085 520 3131 modo
553 3092 723 3128 torrere
758 3083 841 3129 sed
873 3083 1016 3128 etiam
1048 3082 1258 3141 frangere
1294 3089 1467 3140 parant,
1504 3080 1723 3139 displicet.
1767 3083 1863 3127 Cur
1896 3089 2047 3126 autem
2081 3085 2159 3136 sic,
2192 3097 2244 3126 ac
2280 3099 2371 3127 non
2407 3087 2584 3141 potiusz

256 3163 503 3218 utrumque
537 3149 675 3197 simul
707 3159 878 3210 parant,
911 3158 1083 3196 torrere
1116 3156 1162 3194 et
1195 3147 1437 3209 frangere?
1509 3147 1627 3194 Cum
1661 3151 1710 3195 in
1746 3148 1924 3195 duobus
1959 3146 2087 3194 codd.
2112 3152 2351 3209 -scriptum
2378 3153 2444 3195 ‘sit
2478 3148 2585 3195 Bs-
