2863 3690
170 373 423 433 Nimmss
447 372 654 425 Aeneas,-
682 370 770 414 uui
794 371 930 415 'cosse
963 371 1178 416 adscensu
1210 369 1377 412 urbem
1391 366 1395 369 ’
1411 372 1612 428 primum
1635 364 1851 431 desuper¹
1871 379 2159 432 conspexerit
2198 375 2330 419 aedes
2364 379 2515 436 potius

175 441 341 486 vidiae
374 438 590 491 dicemus,
623 452 739 499 quae
774 451 832 481 ne
865 439 1075 483 adversae
1108 434 1406 494 quidem-sed
1439 424 1558 480 ini'ra
1592 433 1812 495 jacebant,
1833 454 1981 498 -quam
2016 443 2345 500 insigne-urbis
2364 451 2514 502 caput,

173 504 410 567 'aqopolin
435 508 628 551 adversa
662 503 1126 549 celte-exstructam?
1158 503 1322 561 Neque
1357 505 1407 546 in
1440 517 1495 548 eo
1520 502 1805 549 ‘haerendum
1841 513 1922 562 est,
1957 507 2078 566 quod
2116 507 2514 569 Carthaginienses

178 574 369 620 eandem
396 582 562 618 arem
581 572 749 617 lmoliri
780 572 1013 627 dicuntur.
1038 616 1045 623 ,
1081 573 1310 631 Namque⁴
1328 573 1391 613 ita
1426 572 1519 628 jam
1540 581 1669 619 *stare
1704 578 1868 630 potuit,
1905 583 1959 619 ut
1992 575 2303 619 admirabilem
2347 579 2514 638 adspe-

174 641 590 701 ctum'f'pmeberet,
623 646 771 702 neque
805 647 958 683 tanim
993 636 1187 699 perfecta
1212 649 1341 695 :esse3
1391 639 1439 683 id
1474 639 1596 699 quod
1630 642 1900 687 confirmant
1937 644 1961 687 1
1980 676 1993 698 ,
2030 641 2128 688 366
2165 652 2516 704 surgentemque

172 716 332 755 moue
356 706 687 768 Carthagini:
705 721 888 761 arcem-5
911 701 966 759 4,
999 705 1103 752 260
1140 704 1348 752 Aeneam
1378 703 1658 761 fundantem
1692 723 1823 753 arces
1859 726 1917 754 ae
1953 718 2078 755 tecta
2112 719 2359 756 novantem
2401 727 2513 756 eon-

388 844 503 896 421.
547 842 754 887 abiatar
774 842 954 888 -molem
984 844 1186 895 Aeneas,
1220 841 1440 901 magalia*
1465 844 1711 903 quondam.
1748 846 2043 907 Posteaquam
2061 847 2113 890 P.
2148 850 2198 888 in
2232 848 2515 894 antecedenti

174 927 316 958 -versu
340 912 747 966 z-aedss'rcorrexit,
773 913 940 956 violem
974 911 1139 968 singul.
1175 925 1366 954 numer-o
1401 911 1608 970 repudiat
1640 921 1686 955 et
1720 913 1863 957 mutes
1884 917 2095 971 requirit,
2131 922 2183 957 ut
2201 929 2365 973 magna
2389 917 2514 960 urbis

173 978 382 1025 'aedificia
416 979 744 1038 significentur..
785 982 1011 1036 'Apparet
1044 985 1194 1020 autem
1228 977 1394 1021 molem
1427 978 1484 1021 ad
1518 993 1665 1022 arcem
1698 985 1942 1041 pertinere,
1978 981 2104 1037 cujus
2138 984 2298 1039 ingens
2333 987 2515 1041 magni-

173 1046 295 1091 tude
327 1047 438 1091 olim
471 1047 537 1091 ibi
572 1049 731 1106 positis
767 1045 1016 1104 magalibus
1052 1053 1154 1100 apte
1187 1060 1211 1087 a
1242 1052 1378 1101 poeta
1413 1049 1673 1104 opponitur,
1711 1062 1803 1090 non
1839 1063 1929 1106 quo
1965 1048 2144 1092 Aeneas
2178 1052 2269 1106 ipse
2305 1050 2380 1092 illa
2416 1064 2516 1092 ma-

177 1114 309 1173 galia‘
332 1117 543 1165 novisset,
572 1112 652 1155 -sed
689 1122 742 1158 ut
766 1115 916 1158 ¹lector
950 1118 1121 1154 tantam
1156 1125 1308 1154 rerum
1345 1111 1698 1156 vicissitudinem
1732 1117 1874 1173 magis
1909 1113 2171 1157 admiretur.
2206 1114 2257 1157 In
2292 1115 2362 1158 his
2388 1116 2515 1160 nihil

176 1181 325 1236 stulti,
360 1194 471 1241 quo‘
489 1183 672 1224 nomine
688 1183 743 1226 P.
777 1182 925 1225 Servii
961 1181 1043 1240 qui
1077 1178 1197 1221 idem
1234 1179 1377 1222 voluit
1411 1182 1825 1238 interpretationem
1862 1185 2074 1239 castigat3
2109 1183 2246 1225 altera
2281 1187 2514 1237 sententia,

183 1262 320 1307 quam
365 1250 460 1304 ipse
504 1244 680 1305 praeter
727 1251 1032 1293 necessitatem
1068 1245 1245 1299 elicuit,
1296 1253 1348 1288 ut
1391 1246 1540 1289 locum
1588 1255 1816 1306 tamquam
1863 1252 2067 1306 ineptum
2114 1250 2301 1307 rejicere
2345 1258 2513 1309 posset:

179 1319 376 1361 miratur
409 1330 530 1359 nunc
564 1322 680 1359 stare
715 1317 896 1369 molem,
931 1314 1011 1358 ubi
1046 1313 1275 1372 quondam
1309 1314 1498 1373 magalia
1534 1318 1775 1370 stetissent,
1809 1331 1857 1359 ea
1894 1315 2041 1360 verbis
2077 1320 2263 1361 omnino
2295 1333 2387 1361 non
2406 1333 2514 1361 con-

175 1388 371 1428 tinetur.
395 1403 399 1409 «-
423 1382 647 1442 Megalia
681 1393 883 1429 veterum
918 1385 1174 1425 testimonia
1210 1381 1364 1424 eadem
1400 1380 1493 1424 fere
1528 1398 1632 1425 cum
1668 1382 1929 1444 mapalibus
1963 1382 2098 1427 fuisse
2133 1383 2372 1439 affirmant,
2411 1401 2514 1430 cum

184 1452 350 1511 quibus
384 1466 513 1509 saepe
547 1455 638 1494 sint
674 1459 960 1496 commutata.
1030 1449 1186 1493 Servio
1233 1457 1345 1492 teste
1392 1449 1448 1491 ad
1483 1451 1529 1495 h.
1563 1452 1593 1494 1.
1627 1451 1892 1494 *Poenorum
1926 1466 2065 1495 casae
2090 1453 2361 1513 pastorales
2394 1461 2514 1498 sunt.

180 1518 340 1565 Isidor.
371 1518 505 1578 Orig.
529 1517 608 1571 15,
647 1519 709 1563 12
745 1514 966 1578 aedificia
1003 1513 1323 1560 Numidarum
1355 1518 1612 1575 agrestium
1647 1516 1846 1578 oblonga
1880 1519 2083 1563 incurvis
2115 1517 2339 1564 lateribus
2372 1528 2514 1578 tecta,

183 1587 322 1648 quasi
352 1585 544 1631 navium
577 1586 766 1631 carinae
800 1586 908 1640 sint,
943 1584 1039 1628 sive
1071 1583 1274 1629 rotunda
1309 1585 1359 1628 in
1392 1585 1581 1629 modum
1601 1583 1872 1643 fur-norw,
1907 1595 1953 1630 et
1986 1588 2197 1645 magalia
2231 1587 2359 1631 dicta
2381 1589 2519 1647 quasi

183 1654 429 1713 magaria,
475 1652 586 1712 quia
622 1669 799 1712 magar
845 1652 1017 1696 Punici
1056 1667 1224 1695 novam
1267 1652 1427 1695 villam
1456 1652 1634 1696 dicunt.
1704 1654 1824 1700 Plin.
1859 1656 1923 1697 H.
1960 1656 2019 1698 N.
2056 1656 2104 1711 5,
2141 1656 2172 1699 3
2208 1656 2516 1699 Numidarum

179 1722 442 1768 Nomadum
477 1735 585 1779 quas
620 1722 829 1782 plaustris
864 1718 1190 1764 circumferunt
1222 1720 1382 1764 domus
1416 1720 1626 1779 mapalia
1660 1720 1796 1774 dicit,
1842 1723 2051 1766 similiter
2084 1731 2136 1766 ut
2171 1721 2310 1780 Verg.
2347 1721 2432 1767 Ge.
2468 1723 2513 1777 3,

185 1787 284 1835 340
327 1788 452 1845 Quid
484 1785 570 1832 tibi
597 1796 814 1846 pastores
849 1786 1041 1846 Libyae,
1077 1786 1190 1846 quid
1217 1801 1400 1844 pascua
1434 1803 1571 1831 versu
1608 1786 1879 1847 Pro-sequar
1923 1796 1969 1832 et
2002 1789 2126 1832 raris
2160 1786 2374 1832 habitata
2408 1805 2513 1833 ma-

176 1856 314 1917 palia
346 1855 516 1898 tectis?
549 1856 719 1899 addens
754 1864 950 1914 pastores
983 1869 1032 1896 ea
1069 1862 1183 1896 tecta
1219 1869 1367 1896 secum
1404 1859 1560 1911 egisse.
1633 1856 1779 1908 Quem
1814 1857 1962 1898 locum
1998 1852 2048 1899 Ρ.
2083 1857 2248 1907 laudat,
2285 1857 2391 1898 inde
2425 1857 2509 1899 de·

183 1930 516 1967 monstraturus
551 1937 634 1967 nec
668 1922 878 1979 magalia
912 1925 1084 1963 stetisse
1120 1924 1167 1963 in
1202 1935 1254 1963 eo
1288 1922 1401 1975 loco,
1439 1922 1516 1964 ubi
1554 1921 1779 1978 Carthago
1814 1923 1902 1978 jam
1938 1922 2228 1975 condebatur,
2264 1937 2346 1965 nec
2381 1924 2513 1968 Ver-

183 1991 346 2050 gilium
375 1989 502 2034 hunc
537 1990 720 2051 dequo
757 1993 930 2048 agimus
967 2003 1139 2031 versum
1176 1991 1417 2047 scripsisse.
1476 1990 1647 2045 „Haec,
1683 1991 1847 2047 inquit,
1884 1993 2079 2047 tuguria,
2113 1990 2164 2034 hi
2201 1990 2426 2035 Nomades
2459 1995 2512 2035 in

183 2073 237 2102 eo
270 2059 405 2102 litore
440 2073 530 2117 quo
564 2058 737 2116 appulit
772 2057 897 2101 Dido
932 2071 1025 2099 non
1059 2053 1256 2100 fuerunt.
1292 2057 1451 2115 Neque
1486 2055 1672 2100 fuerunt
1706 2056 1915 2116 magalia
1950 2057 2081 2100 villae
2108 2056 2350 2102 Afrorum.
2386 2057 2515 2115 Quid

183 2130 307 2168 enim
341 2127 408 2168 ibi
442 2125 651 2181 ararent?
722 2125 784 2167 Et
818 2128 855 2166 si
889 2123 1100 2176 fuissent,
1136 2123 1251 2165 hanc
1285 2129 1381 2181 agri
1416 2132 1590 2181 partem
1624 2123 1800 2167 Didoni
1835 2140 1927 2167 non
1965 2124 2316 2169 vendidissent.“
2387 2127 2513 2181 Quae

176 2196 344 2238 omnia
383 2206 489 2254 quo·
519 2194 620 2249 jure
665 2194 717 2236 P.
759 2200 916 2250 neget,
963 2206 1046 2248 ego
1091 2207 1185 2234 non
1232 2189 1467 2250 pei-spicio.
1534 2192 1652 2234 Rem
1695 2192 2021 2246 planissimam,
2068 2207 2121 2234 eo
2155 2194 2254 2235 loco
2289 2192 2367 2235 ubi
2402 2201 2513 2235 tune

186 2260 406 2321 oppidum
449 2268 496 2305 et
539 2275 622 2303 arx
659 2257 948 2319 Carthaginis
993 2257 1294 2312 condebatur,
1340 2258 1571 2320 quondam
1614 2259 1801 2316 magalia
1837 2259 1883 2303 h.
1919 2274 1957 2303 e.
2003 2273 2121 2303 casas
2156 2262 2247 2304 sive
2280 2268 2513 2318 pastorum

186 2331 281 2370 sive
316 2332 562 2389 agrestium
597 2325 747 2380 fuisse,
784 2327 949 2370 talibus
984 2329 1262 2384 argumentis
1298 2340 1390 2369 non
1425 2330 1600 2368 evertit.
1667 2325 1890 2370 Provocat
1924 2334 2074 2370 tamen
2110 2325 2166 2369 ad
2202 2321 2259 2382 4,
2295 2326 2395 2371 259
2430 2325 2514 2370 ubi

182 2395 412 2440 Mercurii
459 2395 780 2452 Carthaginem
828 2393 1046 2437 adventus
1088 2397 1152 2435 sic
1198 2394 1493 2436 describitur:
1577 2393 1639 2435 Ut
1672 2395 1883 2453 primam
1925 2394 2066 2436 alatis
2107 2393 2262 2450 tetigit
2301 2393 2516 2451 magalia

183 2460 379 2522 plantis,
413 2458 621 2506 Aeneam
647 2458 931 2520 fundantem
964 2475 1096 2505 arces
1131 2475 1188 2504 ac
1221 2465 1345 2504 tecta
1378 2468 1626 2505 novantem
1666 2457 1912 2519 Conspicit.
1958 2461 2062 2515 Quo
2095 2460 2195 2504 loco
2230 2463 2269 2504 si
2303 2459 2516 2520 magalia

178 2537 240 2574 ut
273 2531 327 2575 P.
377 2531 473 2574 vult
517 2530 677 2573 domus
722 2537 869 2572 essent
912 2543 937 2572 a
973 2530 1129 2587 Tyriis
1172 2541 1325 2571 recens
1371 2536 1649 2582 exstructae,
1698 2532 1886 2572 omnino
1921 2526 1969 2571 id
2003 2536 2160 2572 contra
2194 2543 2277 2571 nos
2309 2540 2514 2588 pugnare

188 2597 432 2643 videretur.
494 2596 592 2641 >sed
625 2611 806 2640 merum.
835 2597 921 2640 hoc
955 2604 1018 2640 est
1056 2596 1177 2638 illius
1211 2598 1447 2639 inventum
1482 2603 1528 2638 et
1563 2596 1821 2654 significant
1853 2596 1919 2639 ibi
1954 2603 2033 2638 aut
2065 2603 2239 2654 partem
2275 2595 2514 2654 Carthagi·

186 2654 281 2709 xiia>
309 2671 387 2708 aut
431 2667 692 2708 universum
712 2663 716 2666 ’
734 2664 883 2708 locum
933 2664 1012 2707 ubi
1056 2678 1106 2705 ea
1143 2662 1257 2705 urbs
1300 2663 1483 2706 condita
1526 2671 1608 2706 est.
1677 2663 1938 2724 Utrumque
1985 2665 2250 2706 testimoniis
2291 2661 2510 2715 firmatur,

188 2732 382 2776 atterum
414 2732 559 2776 Servii
594 2730 653 2773 ad
691 2731 735 2783 1,
773 2730 894 2774 368:
939 2729 1176 2788 Carthago
1211 2737 1350 2773 antea
1384 2729 1582 2788 speciem
1614 2727 1778 2774 habuit
1792 2729 1988 2790 duplicis
2009 2727 2178 2786 oppidi,
2212 2728 2351 2787 quasi
2384 2726 2513 2772 aliud

189 2798 390 2844 alterum
423 2796 811 2857 complecteretur,
847 2797 980 2856 cujus
1011 2797 1206 2842 interior
1236 2811 1352 2856 pars
1385 2796 1542 2857 Byrsa
1576 2794 1826 2850 dicebatur,
1849 2795 2064 2840 exterior
2077 2793 2317 2854 magatia.
2355 2794 2509 2856 Hujus

187 2866 261 2912 rei
301 2866 434 2910 testie
474 2873 547 2910 eet
589 2862 825 2909 Coralius
862 2862 1024 2924 Nepos
1068 2865 1118 2907 in
1158 2881 1212 2909 eo
1246 2863 1361 2909 libro
1374 2898 1386 2918 ‚
1433 2864 1515 2924 qui
1548 2864 1665 2907 Vita
1697 2863 1952 2906 dietarium
1979 2860 2275 2919 imm-ibitur,-
2319 2865 2508 2907 alterum

190 2933 367 2979 duobus
401 2928 506 2977 Silii
539 2933 650 2977 locis
687 2927 765 2985 14,
799 2933 831 2977 7
871 2931 963 2982 Vel
987 2930 1154 2991 Tyriae
1183 2932 1417 2992 quondam
1449 2938 1650 2989 regnata
1680 2930 1891 2988 magalia
1916 2929 2056 2988 genti
2060 2946 2082 2987 ,⁴
2121 2931 2199 2983 15,
2233 2926 2332 2976 419
2371 2929 2507 2973 Forte

118 3049 121 3052 ,
185 3000 300 3047 dieo
313 2999 538 3061 priscum
570 2998 723 3062 Tyriis
755 2998 981 3043 solemnis·
1002 2998 1224 3043 honorem
1256 2998 1523 3052 Retulerat,
1558 3011 1646 3058 quo
1676 2996 1882 3058 primum
1914 2996 2013 3041 orsi
2052 2995 2351 3057 Carthaginis
2383 2995 2509 3039 altae

142 3110 159 3122 .
191 3067 519 3117 fbndamenta
545 3082 958 3129 ‚novam‘coepere
985 3065 1260 3128 ,mapalibus
1298 3064 1458 3111 urbem
1501 3066 1548 3110 h.
1585 3081 1625 3110 e.
1673 3069 1723 3110 in
1764 3066 2014 3127 mapalibus
2055 3070 2150 3112 sive
2183 3068 2280 3112 loco
2319 3064 2508 3124 mapali·
