2863 3690
220 288 224 293 ‚
239 224 273 281 8

238 365 383 425 reret,
419 371 511 417 quo
546 362 815 411 argumento
850 353 984 396 Jahn.
1020 359 1177 407 eontra
1211 353 1559 408 explicationem
1596 366 1701 399 usus
1736 359 1805 402 est
1838 355 1925 409 ipsi
1961 354 2068 399 olim
2107 353 2356 411 probatam,
2423 351 2583 405 'm

239 428 362 475 enim
397 424 479 469 dea
513 437 611 466 nou
644 421 791 466 solum
826 428 1014 479 propter
1048 420 1217 464 laesum
1250 419 1452 481 aliquem
1485 421 1556 463 sui
1592 425 1754 471 nutum
1788 419 1870 470 ted
1904 424 2040 470 etiam
2067 428 2258 481 μορῑοι·
2285 414 2411 471 ὡν
2422 432 2580 472 cam

240 478 405 545 dolere,
438 498 493 535 ut
526 489 604 534 illa
639 492 843 532 omnium
879 492 1077 531 maxime
1112 486 1357 540 metuebat,
1394 502 1450 530 ne
1485 503 1509 529 a
1545 487 1764 532 Romanis
1799 487 1921 533 olim
1947 488 2176 548 Canthago
2207 495 2533 539 everteretur..

450 559 514 603 13
549 571 615 617 sq.
658 554 897 614 Carth
933 554 1126 598 Italiam
1159 562 1325 602 contra
1363 579 1427 588 -—
1461 553 1717 612 studiaque
1752 552 2013 614 asperrima
2044 553 2183 606 butt.
2212 547 2447 623 Propter²¹
2458 571 2580 606 mn·-

238 624 526 672 suetudinem
560 627 795 681 epicorum
832 630 1064 679 poetarum
1102 636 1190 682 qua
1226 626 1276 665 in
1310 601 1510 665 exordiis
1548 621 1681 677 paulo
1715 622 1996 666 obscuriores
2031 636 2148 666 esse
2159 625 2382 678 soleant,
2380 630 2439 668 et.
2453 629 2581 686 ,qua

240 693 470 752 Carthago
512 692 588 737 hic
633 706 726 735 non
775 704 910 748 parva
959 697 1006 733 et
1041 692 1169 750 quasi
1212 692 1261 731 in
1305 686 1590 741 incunabulis
1635 690 1898 733 ostendatur
1943 689 2088 750 qualis
2123 688 2338 742 Didonis
2339 698 2580 750 tompore,

239 761 316 806 sed
351 759 496 824 qualis
531 757 638 802 belli
677 757 839 801 Punici
886 765 1027 813 aetate
1072 754 1233 808 fuerit,
1280 756 1330 799 P.
1366 763 1624 815 utrumque
1662 770 1838 799 versum
1880 763 1930 800 ut
1962 760 2167 813 aputium
2208 758 2445 808 rescindit.
2507 758 2581 807 At

240 841 492 889 numquam
527 830 690 883 opinor
728 833 881 881 poetae
916 828 1041 880 epico
1078 831 1166 865 tam
1205 823 1398 865 obscuro
1432 837 1524 864 esse
1559 823 1686 873 licet,
1700 872 1703 873 ⁷
1737 831 1789 865 ut
1823 824 1965 866 lector
2000 826 2200 873 incertus
2227 823 2420 872 haerere
2445 826 2582 889 adeo·-

241 910 331 959 que
365 900 416 940 in
451 909 647 945 ‹ir-rotem
684 891 884 941 incidete
921 893 1073 947 possit,
1144 888 1295 935 Urbes
1343 891 1465 933 enim
1501 903 1610 949 quas
1645 889 1783 948 Tyrii
1829 889 1978 942 coloni
2014 898 2197 935 tenuere
2241 890 2408 952 multae
2449 883 2582 940 erant

239 967 468 1026 variisque
503 964 636 1011 terris
672 960 919 1017 dispersae,
967 966 1013 1014 et
1047 962 1095 1002 in
1131 962 1225 1015 ipsa
1261 957 1421 1002 Africa
1467 965 1572 1002 ante
1609 957 1931 1016 Carthaginem
1966 958 2148 1004 Uticam
2181 958 2412 1005 conditam
2444 957 2581 1006 fuine

234 1035 368 1087 ⁴testis
401 1031 570 1074 Justin.
612 1027 688 1080 18,
726 1024 770 1079 4,
808 1026 853 1069 2.
925 1010 1117 1068 omissis
1155 1027 1242 1068 illis
1280 1025 1480 1067 versibus
1517 1040 1573 1067 ne
1609 1032 1773 1066 terram
1811 1025 1996 1085 quidem
2032 1033 2109 1068 aut
2143 1031 2378 1087 regionem
2413 1031 2579 1072 sennua

234 1099 321 1143 ubi
355 1100 431 1142 illa
466 1098 577 1142 utbs
612 1096 747 1140 fuerit
781 1098 891 1147 sita3
928 1102 973 1136 et
1009 1108 1123 1153 quae
1159 1101 1583 1143 commemotantur,
1619 1101 1809 1136 amatam
1847 1093 1968 1136 illam
1991 1094 2191 1147 ‚lunonis
2219 1095 2387 1138 sedem
2386 1095 2581 1144 locum-

240 1181 329 1228 que
363 1165 501 1211 fuisse
538 1165 615 1208 ubi
651 1177 835 1206 currum
871 1170 1007 1222 atque
1043 1176 1163 1205 arma
1201 1159 1473 1214 condiderit,
1509 1159 1616 1204 haec
1653 1163 1789 1204 nimis
1826 1175 1949 1204 meti
1954 1168 1995 1205 ta
2031 1161 2252 1207 videntur
2268 1161 2435 1207 indicia
2460 1176 2580 1219 esse,

238 1238 502 1293 praesertim
539 1247 680 1293 quum
716 1236 891 1273 constet
924 1230 1150 1272 Junonem
1186 1229 1297 1271 alios
1333 1241 1514 1288 quoque
1551 1232 1597 1271 in
1645 1228 1753 1270 orbe
1788 1230 1907 1272 loc-os
1945 1236 2118 1284 praeter
2162 1237 2333 1274 ceteros
2376 1230 2580 1281 coluisse.

241 1302 352 1346 Alia
388 1306 513 1359 signa
551 1298 760 1359 equibus
798 1297 842 1339 11.
879 1297 908 1338 1.
933 1296 1255 1354 Carthaginem
1291 1311 1529 1352 cognoscas
1565 1312 1657 1338 nou
1693 1296 1869 1348 adsunt,
1906 1299 1994 1339 nisi
2028 1300 2102 1339 cui
2137 1296 2361 1345 sufficiant
2395 1297 2582 1359 quaede

240 1371 420 1413 excidio
457 1368 583 1410 mbis
618 1365 863 1416 adduntm,
901 1367 962 1406 ita
999 1373 1048 1406 ut
1087 1364 1285 1406 veisibus
1323 1364 1411 1406 illis
1448 1364 1572 1406 nullo
1610 1371 1740 1419 pacto
1776 1379 1925 1406 car·e1e
1960 1368 2212 1420 possimus.
2225 1363 2409 1409 Erravit
2442 1368 2582 1413 etiam

238 1437 293 1481 P.
330 1435 457 1497 quod
502 1449 683 1479 omnem
732 1433 848 1476 hanc
884 1432 1172 1490 Carthaginis
1208 1430 1558 1486 descriptionem
1606 1434 1852 1477 necessario
1896 1431 2015 1474 dixit
2059 1426 2114 1475 ad
2149 1429 2346 1482 Didonis
2390 1439 2582 1479 aetatem

239 1508 497 1561 ρει·111161·,ε
543 1504 823 1544 contr-mium
869 1499 1058 1541 docente
1105 1513 1208 1540 cum
1244 1498 1341 1552 ejus
1378 1501 1510 1553 initio
1560 1495 1678 1540 Urbs
1714 1497 1908 1556 antiqua
1929 1494 2032 1555 suit
2068 1498 2114 1542 11.
2151 1513 2190 1542 e.
2226 1499 2333 1541 utbs
2366 1502 2580 1559 autiquae

240 1575 430 1628 originis
471 1569 574 1620 fuit,
609 1579 709 1611 tum
744 1567 834 1610 fine
866 1567 985 1620 jam
1022 1575 1140 1608 tum
1173 1565 1407 1623 tenditque
1428 1549 1665 1624 fovetque.
1726 1608 1730 1614 ,

453 1636 531 1681 16.
589 1632 864 1678 Posthabito
916 1633 1110 1676 coluisse
1148 1632 1302 1676 Samo.
1376 1632 1426 1676 P.
1473 1633 1678 1676 observat
1712 1631 1970 1691 Vergilium
2019 1640 2168 1691 postea
2213 1648 2481 1695 numquam
2497 1634 2582 1679 Sa-

242 1720 368 1750 mum
406 1718 670 1748 memorasse
708 1710 940 1762 tamquam
975 1702 1124 1743 sedem
1159 1716 1181 1742 a
1217 1701 1397 1743 Juuone
1433 1708 1638 1751 amatam,
1675 1699 1750 1741 sed
1785 1714 1962 1756 semper
1997 1701 2166 1758 Argos.
2237 1701 2415 1747 Verum
2429 1714 2583 1758 piae-

241 1783 311 1818 ter
346 1773 494 1815 locum
531 1771 586 1813 ab
624 1771 701 1813 illo
748 1774 933 1811 citatum
974 1769 1027 1820 7,
1075 1768 1172 1811 286
1220 1766 1343 1809 Ecce
1386 1767 1444 1809 ab
1483 1766 1687 1809 luat-luis
1733 1782 1833 1810 sese
1877 1764 2107 1823 referebat
2152 1767 2211 1812 ab
2246 1766 2406 1827 Argia
2430 1768 2583 1820 Saeva

239 1839 369 1883 Iovis
405 1839 573 1898 conjux
609 1852 752 1879 uuum
787 1839 974 1878 memini
1014 1835 1089 1876 ubi
1128 1834 1212 1876 hoc
1248 1833 1413 1881 factum
1451 1839 1510 1877 sit
1535 1836 1573 1886 1,
1612 1833 1675 1876 23
1712 1834 2070 1892 aPeertkampio
2104 1836 2214 1879 adeo
2248 1839 2369 1879 iuter
2403 1840 2582 1893 spurios

239 1908 470 1952 habitum:
507 1903 763 1962 veterisque
797 1917 974 1944 memor
1012 1901 1236 1943 Saturnia
1271 1900 1377 1943 belli
1414 1901 1581 1944 Prima
1617 1902 1741 1959 quod
1773 1901 1837 1943 ad
1868 1901 2064 1962 Trojam
2093 1917 2182 1961 pro
2217 1903 2343 1946 caria
2368 1911 2583 1962 gemeret

238 1975 401 2032 Argis.
473 1973 533 2016 Et
567 1976 716 2015 statim
753 1979 937 2027 apparet
972 1971 1155 2012 Samum
1193 1970 1257 2012 ibi
1302 1973 1641 2013 commemorari
1680 1986 1770 2013 nou
1809 1975 2020 2026 potuisse.
2091 1970 2238 2013 Semel
2273 1979 2498 2027 praeterea
2536 1971 2582 2025 3,

243 2039 340 2089 547
379 2042 500 2085 Juno
535 2039 716 2098 Argiva
752 2042 1029 2091 nominatur,
1066 2041 1126 2079 ita
1164 2045 1215 2080 ut
1252 2045 1378 2093 poeta
1415 2052 1467 2080 eo
1504 2036 1624 2097 quod
1645 2036 1778 2080 Samo
1814 2039 2086 2096 singularem
2121 2037 2227 2081 deae
2263 2034 2584 2089 amorem'tri-

242 2110 367 2162 buit,
419 2121 704 2169 nequaquam
749 2105 836 2148 sibi
877 2104 1080 2147 videatur
1117 2117 1402 2161 repugnasse.
1456 2103 1633 2146 Inutilis
1670 2107 1812 2161 igitur
1848 2106 2149 2161 Peerlkatnpii
2185 2106 2441 2161 conjectura
2471 2113 2583 2166 post

239 2175 413 2221 habitis
450 2175 647 2218 coluisse
681 2172 850 2230 Argia,
903 2176 1161 2226 praesertim
1201 2185 1344 2232 quum
1380 2172 1534 2213 Samos
1583 2186 1627 2212 re
1678 2187 1777 2213 vera
1812 2176 2004 2229 insignis
2038 2171 2177 2214 suerit
2211 2172 2580 2223 huonis-cultu.

239 2246 426 2288 Praeter
458 2242 641 2297 Herod.
672 2242 716 2292 3,
755 2241 819 2282 60
855 2239 910 2280 ab
945 2240 1133 2294 Heynio
1169 2237 1397 2281 laudatum
1436 2239 1526 2280 vid.
1564 2239 1694 2280 Paus.
1734 2239 1778 2290 7,
1815 2235 1860 2289 4,
1896 2237 1942 2282 4.
2012 2242 2193 2284 Nititur
2228 2240 2423 2300 denique
2443 2241 2496 2284 P.
2531 2245 2582 2285 in

238 2314 491 2354 imitatione
529 2324 665 2366 quam
695 2308 814 2366 'dicit
841 2306 941 2349 Silii
981 2306 1024 2358 1,
1062 2304 1124 2348 26
1162 2305 1260 2348 Hic
1296 2302 1634 2363 (Carthagine)
1670 2302 1789 2347 Iano
1826 2314 1934 2348 ante
1949 2304 2105 2363 Argoa
2148 2331 2208 2337 —
2252 2303 2582 2366 Optavitpro.

234 2374 368 2434 fugia
414 2384 655 2419 aeternam
699 2372 894 2417 condere
930 2379 1134 2430 gentem.
1206 2373 1275 2415 At
1321 2385 1595 2431 qiuunquam
1641 2387 1724 2429 ego
1769 2386 1914 2433 neque
1961 2372 2173 2415 imitandi
2218 2373 2442 2427 studium,
2488 2387 2581 2434 quo

240 2447 509 2501 posteriores
544 2450 698 2498 poetae
735 2441 838 2486 Val.
877 2439 1058 2483 Flaccus
1094 2440 1230 2482 Silius
1266 2441 1433 2492 Statius
1470 2443 1604 2481 etiam
1643 2442 1691 2481 in
1726 2444 1914 2483 minutis
1955 2441 2088 2483 rebus
2119 2439 2384 2499 Vergilium
2419 2444 2581 2498 expri-

238 2525 360 2555 mere
397 2510 582 2560 soleant,
618 2524 698 2551 nec
733 2507 935 2551 fructum
972 2520 1104 2564 nego,
1140 2510 1220 2567 qui
1257 2521 1314 2549 ex
1351 2508 1682 2562 comparatione
1720 2506 1900 2550 illorum
1940 2514 2172 2564 poetarum
2214 2506 2503 2563 explicandae
2537 2514 2584 2551 et

240 2578 536 2632 recensendae
582 2577 773 2618 Aeneidi
808 2574 1058 2616 redundare
1097 2579 1263 2630 possit,
1302 2574 1489 2629 probare
1522 2582 1670 2615 tamen
1700 2588 1898 2633 nequeo,
1935 2574 2057 2633 quod
2095 2574 2147 2616 P.
2183 2575 2311 2629 cujus
2346 2578 2406 2627 in
2430 2582 2583 2630 osten·-

241 2645 401 2690 dendis
444 2642 669 2700 ejusmodi
712 2641 1042 2685 imitationibus
1088 2658 1192 2684 cura
1239 2645 1286 2684 in
1335 2645 1595 2699 universum
1632 2640 1813 2700 quidem
1860 2640 2105 2694 laudanda,
2153 2641 2385 2689 interdum
2431 2649 2581 2688 tamen

240 2715 381 2758 nimia
425 2710 536 2764 fuit,
574 2723 920 2770 nonnumquam
966 2715 1121 2768 contra
1167 2708 1372 2753 codicum
1408 2711 1839 2753 auctoritatemnec
1873 2712 2092 2753 sententia
2130 2709 2410 2767 postulante,
2457 2708 2580 2771 quod

238 2781 308 2826 illi
344 2767 563 2822 similibus
599 2779 709 2823 locis
747 2776 879 2820 dixe!
884 2782 966 2818 unt
999 2782 1076 2819 aut
1111 2779 1247 2818 etiam
1285 2791 1375 2819 non
1412 2777 1644 2831 dixerunt,
1683 2776 1801 2820 idem
1837 2791 1860 2833 a
1900 2777 2106 2836 Vergilio
2143 2779 2340 2834 positum
2373 2784 2452 2825 aut
2485 2792 2580 2825 non

242 2852 455 2905 positum
474 2845 609 2888 fuisse
645 2845 880 2899 judicavit.
2380 2897 2383 2900 y
2507 2898 2510 2903 Ι
2568 2874 2572 2877 .

455 2912 531 2957 17.
577 2913 663 2956 hoc
708 2927 904 2970 regnum
955 2896 1045 2955 dea
1091 2909 1312 2968 genubus
1360 2925 1459 2954 ease
1500 2935 1558 2943 —
1599 2911 1830 2970 tenditque
1873 2908 2104 2970 fovetque.
2146 2909 2235 2953 Et
2267 2909 2374 2954 haec
2405 2915 2579 2958 ,statim

237 2987 288 3026 111
325 2982 552 3040 principio
587 2980 901 3037 Peerlkampio
938 2983 1075 3023 nimis
1111 2988 1277 3038 aperte
1298 2978 1510 3031 videntur
1545 2979 1765 3037 explicata
1801 2994 1893 3022 esse
1915 2988 1960 3023 et
1980 2994 2062 3036 pro
2079 2979 2341 3036 glossemate
2357 2978 2579 3031 habenda.

241 3051 355 3106 Quis
402 3048 555 3094 tamen
599 3062 656 3090 ex
701 3063 778 3101 eo,
826 3046 952 3108 quod
995 3047 1103 3090 deus
1147 3054 1314 3106 terram
1360 3046 1429 3104 vfel
1459 3047 1636 3106 „urbem
1671 3046 1870 3107 aliquam
1905 3047 2094 3106 reliquis
2129 3049 2388 3104 praeposuit
2422 3044 2579 3108 ibique

240 3132 424 3161 currum
472 3123 519 3160 et
564 3129 685 3160 arma
730 3118 950 3168 servavit,
994 3114 1185 3163 eandem
1229 3116 1641 3174 colligatlimperio
1667 3117 1883 3171 ,gentium
1919 3114 2186 3158 destinatam
2222 3114 2373 3159 esse?-
2415 3115 2579 3176 Neque
