2863 3690
278 224 344 290 {8

274 363 443 421 limum
470 373 529 417 fit
562 386 631 424 eo,
665 363 788 429 quod
822 369 1056 425 subjuncti
1080 362 1198 411 vsunt
1233 366 1418 410 Deabus
1452 357 1579 408 Fidei
1615 372 1660 409 et
1681 363 1847 409 Vestae
1884 362 2156 420 quibuscum
2190 358 2304 421 juin-a·
2326 367 2421 410 sim
2441 364 2622 411 ,datm-j„

279 442 337 489 P.
370 452 479 486 vero
504 442 678 501 parum
710 443 909 482 attentus
943 434 1001 480 ad
1035 424 1654 496 gravissimam‘Heynianae
1689 432 2095 492 argumentationis
2129 437 2320 492 partun,
2367 444 2453 490 qua
2477 430 2623 477 -doea-

278 503 399 554 mur·
421 510 502 566 qui
536 500 719 550 illorum
752 503 949 547 fratrum
983 514 1171 545 concors
1207 496 1577 542 commemoratio
1603 502 1732 555 pacis
1756 497 2026 558 ‘symbulum
2058 508 2155 545 esse
2171 501 2328 558 possit.
2360 511 2454 542 non
2491 499 2623 544 aliam

278 563 372 622 nisi
404 569 524 618 hanc
558 589 582 616 e
619 579 776 629 poetae
808 570 960 614 verbis
993 569 1263 612 sententiam
1297 565 1441 608 elicit:
1477 573 1712 628 „tempora
1728 566 1917 610 Romuli
1949 573 1997 607 et
2021 564 2159 608 Remi
2188 565 2416 610 redibunt.
2445 566 2621 618 ‘Caedes

279 637 429 705 igitur
462 640 658 687 fraterna
694 646 742 684 et
780 644 995 701 perpetua
1028 634 1146 679 bella
1179 631 1397 678 redibunt
1408 632 1457 688 ,·“
1502 644 1618 692 quae
1658 644 1763 677 sane
1797 631 1845 677 h.
1880 633 1912 679 l.
1948 646 2130 694 prorsus
2158 629 2340 692 inepta·
2361 634 2481 680 sunt.
2551 633 2624 680 De

280 702 555 774 ‘portentosa'
589 699 848 767 conjectura
894 718 1033 763 quam
1076 703 1185 747 inde
1231 701 1475 745 lectoribus
1523 701 1709 744 suadere
1731 709 1955 745 -conaturz
1995 699 2138 745 Cana
2187 699 2335 745 Fides
2381 699 2426 747 et
2476 702 2625 747 Vesta

283 775 347 834 N
360 782 372 838 J
393 776 414 836 ’ἢ
487 788 594 820 cum
626 783 734 818 vate
773 772 950 833 Quiriti
978 770 1097 814 Jara
1129 768 1320 824 dabunt,
1354 769 1435 810 ubi
1473 770 1624 813 Numa
1656 775 1782 811 -vates
1808 769 2014 827 Augusti
2050 773 2170 814 vices
2202 770 2354 813 teneat
2367 786 2389 825 ·‚·
2432 772 2626 830 amplius

281 844 507 891 disserere
542 859 634 889 non
670 856 784 901 opus
819 847 901 885 est.
2010 854 2013 866 ι
2448 837 2453 861 τ
2612 852 2615 856 .

292 915 294 919 ’
493 912 607 957 303.
662 907 903 967 Imprimis
946 907 1112 966 regina
1145 905 1350 966 quietum
1384 903 1572 963 Accipit
1605 903 1655 946 in
1697 899 1898 947 Teucros
1931 905 2143 949 animum
2165 914 2460 966 mentemque
2486 903 2625 950 ‘heni-

277 973 444 1040 gnam.
527 979 717 1035 Semper
761 976 877 1019 'mihi
923 978 1078 1032 opinio
1122 973 1212 1016 fuit
1255 988 1348 1016 non
1375 971 1637 1025 ‚admodum
1680 970 1875 1015 feliciter
1916 975 1945 1014 a'
1987 972 2196 1031 Vergilio
2236 978 2474 1018 inventum
2511 970 2628 1028 esse,

284 1046 410 1108 quod
444 1048 705 1092 Mercurius
742 1043 1075 1102 Carthaginem·
1100 1045 1300 1084 mittitur
1336 1041 1594 1102 Poenorum
1628 1041 1802 1082 animos
1837 1043 1886 1082 in
1922 1039 2121 1097 hospites
2156 1044 2461 1099 mitigaturus,
2496 1049 2626 1085 ante-

283 1128 425 1176 quam
460 1113 531 1157 illi
566 1112 621 1156 de
657 1104 940 1155 Teucrorum
976 1109 1173 1153 adventu
1209 1107 1455 1165 quidquam
1493 1110 1828 1163 comperissent.
1865 1106 2023 1165 Atque
2058 1107 2173 1151 illud
2193 1109 2390 1166 :quidem
2422 1117 2626 1168 ponant-

283 1195 371 1242 que
393 1177 587 1239 ferocia
623 1177 768 1221 Poeni
803 1174 958 1219 Corda
1003 1175 1183 1218 volente
1227 1174 1313 1217 deo
1364 1178 1563 1232 graviter
1597 1188 1646 1216 ac
1682 1177 1855 1231 poetice
1891 1168 2065 1217 dictum
2100 1183 2192 1229 est,
2241 1177 2387 1220 multo
2419 1178 2623 1219 tenuiora

282 1238 405 1311 qnae
436 1246 602 1291 exinde
636 1245 692 1288 de
726 1247 883 1301 regina
918 1250 1184 1301 sequuntur.
1258 1243 1373 1297 Quis
1409 1249 1558 1283 tamen
1596 1248 1780 1298 propter
1815 1240 1930 1284 hanc
1975 1257 2110 1284 unam
2155 1257 2332 1286 causam
2378 1243 2512 1286 verba
2534 1243 2624 1285 *illa

283 1306 439 1361 statim
473 1315 636 1371 ejiciat,
672 1311 837 1371 quibus
875 1326 931 1354 ne
966 1324 1115 1353 carere
1151 1310 1338 1371 quidem
1373 1308 1625 1368 possimus?
1682 1307 1870 1352 Etenim
1907 1309 2104 1353 Didonis
2139 1313 2188 1353 in
2224 1317 2321 1354 toto
2357 1311 2442 1354 hoc
2476 1315 2626 1369 episo-

283 1383 363 1428 dio
397 1391 488 1426 tam
525 1384 725 1440 insignes
761 1386 908 1439 partes
944 1386 1050 1421 sunt
1085 1392 1222 1436 eaque
1259 1381 1309 1420 in
1344 1377 1555 1435 hospitali
1590 1376 1752 1436 officio,
1773 1377 2044 1434 praestando
2080 1384 2258 1421 tantum
2301 1379 2483 1422 'excellit
2517 1393 2624 1439 prae

281 1451 459 1509 reliqua
493 1452 663 1492 civium
697 1446 1011 1498 multitudine,
1057 1453 1109 1488 ut
1145 1446 1284 1503 Verg.
1327 1460 1421 1488 non
1455 1449 1660 1504 potuerit
1686 1437 1788 1488 non
1824 1458 2197 1499 commemorare,
2250 1460 2307 1488 ex
2344 1454 2471 1505 parte
2506 1454 2625 1489 certe

282 1514 521 1563 Mercurio
555 1514 643 1559 hoc
677 1514 859 1567 deberi,
907 1513 1035 1570 cujus
1069 1516 1223 1556 missio
1275 1512 1405 1555 aliter
1439 1512 1570 1571 plane
1607 1520 1783 1570 praeter
1826 1515 2134 1556 necessitatem
2169 1516 2344 1557 inserta
2383 1512 2625 1557 videretur.

280 1584 407 1628 Nam
441 1585 523 1641 qui
558 1582 722 1640 reliqui
741 1581 884 1624 Poeni
920 1580 994 1622 hic
1029 1578 1196 1623 ferocia
1232 1578 1365 1622 corda
1400 1582 1599 1638 posuisse
1634 1578 1864 1630 dicuntur,
1900 1578 2080 1623 eosdem
2114 1580 2247 1639 paulo
2282 1588 2385 1637 post
2420 1578 2623 1624 videmus

280 1642 492 1709 'appulsus
528 1663 662 1692 naves
697 1651 794 1706 igni
831 1654 965 1704 atque
1011 1651 1147 1689 armis
1194 1650 1437 1704 excepisse.
1507 1645 1626 1689 Illud
1670 1661 1778 1690 vero
1824 1660 1958 1688 nemo
2002 1647 2249 1690 subtilioris
2292 1648 2461 1704 judicii
2495 1647 2624 1690 facile

284 1716 462 1770 credat,
499 1723 677 1774 poetam
712 1719 761 1757 in
798 1715 963 1758 Poenis
998 1712 1164 1756 ferocia
1209 1713 1342 1756 corda
1380 1712 1651 1768 ponentibus
1687 1712 1916 1765 Didonem
1952 1714 2087 1756 simul
2122 1708 2502 1771 comprehendere
2536 1729 2626 1759 vo-

282 1783 433 1828 luisse.
505 1783 572 1827 Ut
606 1786 753 1840 igitur
787 1782 864 1824 illa
900 1781 1033 1823 verba
1069 1783 1313 1823 necessaria
1350 1789 1470 1833 sunt,
1504 1783 1565 1821 ita
1603 1784 1750 1838 quivis
1784 1779 1971 1839 probam
2007 1784 2053 1823 in
2091 1785 2145 1824 iis
2181 1785 2450 1824 sententiam
2485 1796 2626 1841 agno-

282 1859 393 1908 scet,
432 1859 483 1894 ut
518 1850 629 1893 adeo
668 1849 883 1892 vocabulo
918 1846 1149 1904 imprimis
1185 1851 1469 1904 sequentium
1505 1850 1780 1904 exspectatio
1808 1855 1911 1904 apte
1930 1856 2278 1892 commoveatur.
2317 1848 2625 1894 Confirmatur

281 1917 477 1976 denique
511 1918 636 1961 locus
672 1918 924 1958 imitatione
958 1914 1081 1966 Silii,
1129 1913 1184 1967 8,
1233 1912 1331 1958 160
1379 1912 1545 1957 Motus
1591 1920 1693 1957 erat
1726 1913 2052 1973 placidumque
2096 1915 2305 1958 animum
2338 1924 2625 1976 mentemque

281 1985 488 2044 'quietam
532 1983 707 2027 Troius
741 1982 790 2024 in
825 1982 1046 2025 miseram
1080 1988 1233 2024 rector
1268 1990 1537 2038 susceperat
1569 1983 1775 2025 Annam.
1846 1982 1991 2039 cujus
2025 1986 2273 2025 testimonii
2311 1987 2621 2028 auctoritatem

282 2052 339 2095 P.
373 2067 427 2094 eo
463 2052 699 2094 debilitare
735 2057 938 2102 conatur,
975 2049 1097 2104 quod
1134 2052 1183 2090 in
1217 2052 1304 2090 isto
1340 2049 1440 2090 Silii
1475 2049 1593 2092 libro
1630 2050 1767 2092 multa
1791 2052 1953 2104 —spuria
1988 2064 2083 2092 esse
2114 2050 2248 2093 dicit.

499 2118 612 2162 315.
656 2114 872 2171 Virginis
907 2131 959 2158 os
993 2112 1289 2173 habitamque
1299 2128 1472 2170 gerens
1508 2122 1552 2157 et
1587 2115 1784 2172 virginis
1811 2129 1967 2167 arma,
1995 2115 2283 2173 Spartanae.
2318 2116 2625 2175 Haecquam-

282 2187 352 2230 vis
388 2184 458 2229 W
466 2199 573 2244 agn.
623 2191 668 2226 et
703 2184 1070 2242 interpunctione
1118 2189 1163 2226 et
1198 2185 1571 2239 interpretatione
1614 2186 1795 2241 egregie
1840 2181 2106 2240 adjuvisset,
2154 2183 2207 2228 P.
2243 2192 2395 2228 tamen
2427 2183 2625 2244 virginis

284 2266 365 2295 ore
411 2252 609 2295 offensus
661 2256 739 2294 vix
785 2249 966 2292 dubitat
1011 2253 1124 2309 quin
1163 2249 1304 2306 Verg.
1351 2253 1581 2307 scripserit
1618 2248 1854 2294 Numinis.
1877 2264 1930 2291 oa
1981 2249 2276 2311 habitumque
2303 2265 2496 2309 gerens,
2542 2253 2624 2296 sed

282 2318 483 2376 virginis
516 2332 655 2361 arma
692 2317 974 2374 Spartanae,
1010 2316 1084 2357 vel
1116 2324 1200 2358 cet.
1256 2315 1458 2368 ‚,Venus‚
1495 2320 1661 2373 inquit,
1697 2332 1745 2359 os
1779 2325 1825 2359 et
1860 2316 2064 2360 habitum
2100 2319 2207 2361 deae
2243 2328 2510 2373 servaverat,
2546 2323 2624 2365 sed

283 2389 500 2431 vestitum
531 2391 803 2435 mutaverat.
852 2383 934 2430 Ab
970 2382 1127 2428 Aenea
1164 2385 1347 2444 agnosci
1383 2382 1605 2444 cupiebat.
1655 2383 1807 2444 ltaque
1843 2381 2023 2429 Aeneas
2057 2388 2209 2430 statim
2243 2385 2424 2432 videbat
2458 2389 2506 2432 in
2541 2392 2625 2434 ista

282 2451 433 2496 forma
468 2467 560 2495 esse
594 2452 769 2514 aliquid
804 2450 965 2503 divini,
1001 2466 1051 2492 ac
1086 2451 1269 2495 tandem
1305 2451 1434 2507 plane
1469 2466 1561 2494 non
1597 2451 1877 2496 dubitabat.“
1944 2452 2123 2496 Verum
2169 2467 2229 2498 ex
2274 2468 2322 2498 ea
2367 2455 2625 2512 conjectura

287 2531 401 2578 quae
436 2523 617 2577 insigne
652 2521 844 2563 levitatis
881 2519 1202 2562 documentum
1238 2527 1323 2570 est,
1361 2534 1454 2560 non
1491 2523 1753 2563 universum
1791 2523 2005 2562 vestitum
2039 2520 2115 2562 se'd
2150 2536 2272 2565 arma
2308 2529 2486 2566 tantum
2522 2540 2624 2567 mu-

284 2589 413 2642 tavit,
446 2586 623 2644 reliqua
658 2585 763 2629 deae
798 2589 999 2628 retinuit.
1071 2586 1222 2641 Quare
1257 2601 1306 2630 os
1342 2592 1387 2629 et
1422 2584 1602 2629 habitus
1638 2589 1675 2630 si
1710 2586 1814 2630 deae
1849 2592 2003 2639 erant,
2047 2586 2102 2631 ab
2147 2587 2347 2634 humano
2379 2598 2512 2633 -certe
2547 2590 2623 2635 di-

282 2666 414 2697 versa
447 2667 538 2697 esse
575 2651 828 2704 debebant,
875 2658 927 2693 ut
962 2652 1125 2694 stultus
1160 2651 1318 2695 fuisset
1353 2660 1430 2695 aut
1465 2667 1621 2696 caecus
1656 2649 1857 2705 Aeneas,
1903 2655 1992 2694 nisi
2014 2658 2175 2699 ‘statim
2210 2658 2362 2716 primo
2409 2655 2622 2715 adspectu

283 2719 409 2765 certe
444 2735 534 2764 sese
569 2720 703 2764 deam
735 2718 891 2763 videre
927 2721 1149 2772 scivisset3
1187 2720 1309 2775 quod
1344 2723 1394 2761 in
1428 2719 1625 2762 discessu
1661 2719 1844 2762 demum
1882 2718 2049 2764 factum
2083 2730 2151 2765 est
2182 2724 2265 2766 ubi
2302 2738 2345 2767 v.
2377 2718 2475 2767 405
2511 2740 2624 2770 vera

283 2783 472 2831 incessu
501 2785 657 2845 patuit
692 2784 785 2828 dea
818 2791 865 2828 et
899 2789 1098 2827 matrem
1132 2784 1339 2844 agnovit.
1391 2785 1571 2830 Deinde
1606 2784 1786 2830 habitus
1821 2790 2076 2846 venatricis,
2112 2803 2238 2833 coma
2267 2795 2411 2835 vento
2445 2788 2622 2849 diffusa,

283 2853 408 2898 nuda
453 2869 620 2916 genua,
666 2868 796 2897 surae
840 2853 928 2895 alte
964 2856 1137 2895 vinctae
1173 2867 1400 2911 purpureo
1444 2855 1669 2898 cothurno
1714 2870 1825 2898 num
1870 2855 1977 2900 deae
2011 2856 2121 2900 haec
2164 2856 2338 2900 faciunt
2380 2856 2623 2906 habitum?

281 2920 462 2969 Dianae
494 2920 692 2977 fortasse,
727 2929 774 2965 at
809 2932 915 2965 non·
933 2919 1140 2976 Veneris,
1176 2925 1250 2966 cui
1273 2921 1365 2966 ¹ubi
1401 2920 1556 2967 diviua
1591 2926 1737 2980 specie
1770 2932 1956 2984 apparet
1989 2923 2136 2969 multo
2169 2918 2313 2984 m‘agis
2333 2932 2624 2974 conveniunt

281 2990 534 3036 ambmsiae
582 3005 729 3034 comae
766 2989 976 3035 divinum
1027 2993 1190 3034 vertice
1234 2993 1454 3049 spirantes
1485 2989 1684 3035 odorem
1731 3000 1776 3036 et
1809 2996 1948 3037 vestis
1992 2992 2050 3036 ad
2085 2996 2201 3034 imos
2234 2993 2370 3053 pedes
2391 2994 2621 3055 defluens,

286 3053 427 3116 qualis
462 3060 513 3102 in
549 3055 742 3102 discessu
777 3056 1065 3101 describitur.
1138 3056 1344 3102 Omnino
1389 3066 1540 3102 autem
1585 3063 1841 3118 quaeritur,
1890 3063 1928 3103 si
1964 3059 2128 3118 quibus
2163 3064 2286 3119 prius
2314 3067 2538 3121 apparuit
2571 3078 2620 3110 os

281 3124 542 3172 et‘habitns
576 3125 670 3184 jam
704 3124 853 3171 divina
888 3133 1037 3183 erant,
1073 3140 1155 3169 cur
1189 3125 1589 3171 discedensaliam
1614 3127 1825 3175 *induerit
1858 3126 2021 3171 faciem
2048 3135 2206 3186 aperte
2238 3134 2382 3191 magis
2406 3131 2620 3191 *spientis-
