2863 3690
217 369 395 429 jecerim
430 370 580 414 nesta‘o
610 356 749 428 quam
786 365 1126 427 ambiguitatem
1161 378 1392 410 remanere
1425 364 1684 408 arbitratur.
1720 364 1904 410 Durum
1924 373 2071 410 tamen
2091 367 2213 429 quod
2232 366 2391 426 copula
2418 366 2545 413 deest

218 441 338 482 inter
371 435 486 480 bello
511 436 776 494 mium,
809 433 947 494 haud
954 431 1155 491 facilem
1187 433 1324 487 duci,⁴
1358 441 1404 477 et
1437 433 1597 486 melius
1632 438 1894 521 corrigeres,
1930 437 1967 476 si
2002 449 2051 476 ca
2072 439 2304 505 sententia
2326 439 2544 496 nequire-

218 513 309 559 tur,
343 502 388 547 'et
399 492 562 562 facile
589 500 827 548 invictam.
895 489 982 548 s'ed
1016 502 1134 547 nihil
1167 501 1447 547 mutandum.
1528 521 1557 523 ”

423 565 539 616 447ἑ
565 565 828 615 condebat.
897 571 952 615 P.
988 569 1260 615 condiderat
1292 570 1477 615 mavult.
1537 567 1878 630 Imperfectum,
1928 578 1980 613 ut
2014 575 2154 614 etiam
2185 569 2540 630 VVagn.vi‹'1it‚

218 648 454 699 propterea
489 642 685 707 positum
719 648 809 693 est,
858 639 980 700 quod
1016 640 1234 697 templum
1278 652 1387 683 non
1406 641 1549 699 magis
1583 637 1839 682 absolutum
1872 636 1961 682 fuit
1996 654 2127 697 quam
2164 653 2262 682 arx.
2318 605 2542 697 Apparet

217 705 303 752 hoc
336 710 473 750 etiam
524 720 570 750 e
583 721 626 753 v.
663 702 812 751 455
807 702 1171 766 Artificumqae
1203 721 1372 751 manua
1404 705 1527 751 inter
1559 720 1611 749 se
1645 718 1921 764 operumque
1953 705 2137 750 labores
2175 705 2403 764 Miratur,
2439 705 2486 750 h.
2503 721 2542 751 e.

216 790 377 818 manus
410 774 633 817 artificum
668 772 789 817 inter
823 789 870 817 se
903 779 1210 834 operantinm3
1256 775 1381 835 quod
1416 787 1689 835 quamquam
1736 773 1956 830 singulari
1998 775 2134 817 modo
2169 781 2271 830 apte
2306 782 2456 818 tamen
2490 790 2542 818 ac

215 841 370 901 pulcre
405 841 579 884 dictum
620 847 712 894 est,
757 845 971 903 quoniam
1008 845 1107 902 qui
1131 841 1332 902 artifices
1368 844 1417 884 in
1461 855 1553 884 uno
1588 855 1721 900 opere
1756 847 1995 897 occupatos
2030 844 2276 899 conspicit,
2324 845 2541 885 manuum

215 908 446 952 habilitate
482 912 722 966 qua-inter
756 924 802 951 se
819 903 1082 965 operantur
1117 908 1328 951 delectari
1363 908 1489 951 solet.
1559 908 1622 950 Et
1655 908 1903 963 simplicior
1948 907 2056 950 haec
2100 910 2221 951 mihi
2249 908 2431 952 videtur
2465 911 2541 950 in-

214 978 476 1032 terpretatio
512 988 604 1018 esse
640 987 777 1036 quam
813 975 1013 1036 Heynii.
1048 977 1255 1029 miratur,
1291 974 1398 1018 dum
1433 977 1554 1018 inter
1588 987 1645 1018 se
1668 981 1909 1033 comparat.
1980 974 2032 1018 P.
2069 974 2299 1020 mirantur
2333 972 2541 1033 conjecit,

215 1050 267 1085 ut
288 1043 566 1101 jungeretur
599 1043 832 1086 mirantur
866 1043 986 1085 inter
1020 1057 1070 1085 ae
1102 1045 1288 1084 Aeneae
1322 1050 1367 1084 et
1399 1041 1629 1096 Achate-53
1676 1041 1800 1102 quod
1836 1050 2022 1099 propter
2057 1043 2321 1098 praecedens
2366 1043 2543 1086 lustrat

216 1110 456 1169 opperiens
489 1110 599 1153 ferri
635 1115 809 1169 nequit.
1441 1129 1443 1131 ’
2402 1124 2406 1129 ’
2530 1124 2535 1130 ’

421 1173 535 1222 458.
558 1170 774 1240 Atridas
808 1176 1143 1238 Priamumque
1175 1183 1234 1220 et
1255 1191 1444 1220 saevum
1492 1173 1712 1220 ambobus
1747 1174 2213 1221 Achillem.1nanes
2248 1185 2354 1222 sunt
2386 1191 2541 1222 causae

215 1245 273 1287 ob
310 1260 417 1303 quas
452 1245 506 1287 P.
543 1245 665 1288 hunc
701 1260 878 1289 versum
915 1259 997 1302 pro
1031 1245 1280 1288 subdiditio
1315 1245 1520 1297 habet:,
1524 1245 1796 1297 ‚Dicendum
1832 1253 1928 1287 erat
1963 1245 2189 1288 Atridem.
2238 1245 2302 1288 Et
2325 1249 2398 1288 ‘ita
2431 1246 2542 1304 legit

211 1313 367 1356 Senec.
402 1313 488 1369 Ep.
530 1308 640 1358 104.
709 1312 772 1356 Et
814 1330 896 1356 cur
930 1309 1132 1356 Achilles
1168 1312 1350 1356 Atridis
1393 1312 1578 1356 saevus?
1648 1314 1729 1356 Lis
1764 1316 1883 1355 inter
1922 1328 2027 1356 eum
2065 1322 2111 1356 et
2146 1310 2542 1368 Agamemnonem

213 1394 310 1424 non
340 1377 595 1438 pettinebat
627 1379 702 1422 ad·
718 1392 851 1439 opera
886 1388 932 1423 et
966 1382 1175 1438 picturas,
1212 1391 1325 1440 quae
1362 1379 1540 1424 Aeneas
1575 1386 1620 1422 et
1655 1378 1854 1423 Achates
1890 1382 2127 1422 mitantur.
2198 1378 2338 1423 Videt
2369 1378 2544 1425 Iliacas

214 1462 272 1488 ex
308 1446 479 1489 ordine
493 1452 688 1504 pugnas
722 1455 769 1490 et
792 1448 1051 1490 Priamum.
1101 1446 1199 1489 {rae
1234 1446 1354 1489 illius
1390 1448 1511 1490 nulla
1546 1450 1595 1488 in
1631 1446 1934 1506 sequentibus
1958 1455 2025 1488 cst
2060 1451 2246 1490 mentio.
2302 1447 2400 1490 Cur
2433 1463 2543 1492 sae-

212 1529 298 1556 vus
333 1513 566 1557 Priamo?
638 1515 755 1569 Quia
791 1513 1038 1557 Hectorem
1073 1512 1252 1566 occidit,
1287 1513 1443 1573 Heyn.
1477 1518 1553 1557 ait.
1626 1513 1760 1570 Quod
1797 1527 1932 1574 quam
1968 1518 2063 1557 sine
2099 1529 2238 1558 nervo
2272 1516 2357 1568 sit,
2375 1529 2541 1560 nemo

211 1595 304 1623 non
340 1584 492 1622 sentit.
523 1574 698 1635 Quid?
734 1580 857 1638 quod
892 1583 987 1640 ipse
1023 1576 1227 1622 Priamus
1263 1579 1494 1623 Achillem
1528 1568 1727 1624 laudavit
1762 1580 1809 1633 2,
1846 1575 1959 1624 540.
2002 1577 2180 1623 Aeneas
2215 1580 2290 1622 hic
2324 1595 2394 1622 res
2430 1598 2540 1642 quas

211 1655 381 1704 spectat
395 1650 625 1691 universas
661 1652 870 1703 miratur,
906 1647 1112 1691 homines
1147 1647 1352 1690 nondum
1385 1648 1641 1707 distinguit.
1675 1647 1781 1690 Ideo
1816 1662 1927 1689 mox
1954 1649 2176 1691 exclamat
2202 1651 2353 1705 agnita
2370 1648 2544 1693 Priami

212 1712 346 1757 facie:
385 1713 462 1756 En
499 1710 751 1757 Priamus!
820 1716 914 1769 Qui
949 1715 1035 1758 hoc
1070 1717 1249 1770 scripsit
1283 1729 1417 1771 supra
1453 1715 1647 1758 scribere
1682 1730 1774 1757 non
1810 1717 1974 1771 potuit,
2012 1715 2217 1759 Aeneam
2250 1715 2344 1771 jam
2377 1716 2541 1760 vidisse

211 1781 487 1824 Priamum.“
525 1783 651 1836 Quae
685 1786 734 1825 in
770 1781 841 1824 his
876 1780 1143 1824 refutatione
1177 1790 1311 1838 egent
1329 1782 1559 1839 Wagneri
1594 1790 1698 1825 nota
1736 1785 1890 1837 critica
1927 1786 2030 1824 satis
2066 1780 2346 1825 refelluntur.
2379 1781 2540 1827 Unum

211 1844 394 1900 addam,'
440 1851 476 1891 si
522 1851 570 1890 in
616 1851 803 1905 picturis
847 1848 969 1892 nulla
1004 1855 1392 1901 commemoratur,
1429 1860 1540 1904 quae
1575 1848 1805 1892 Achillem
1842 1847 2022 1891 Atridis
2059 1863 2236 1891 saevum
2272 1849 2537 1908 ostenderit,

211 1916 305 1958 noli
340 1916 445 1958 inde
480 1916 746 1975 concludere
780 1917 947 1958 nullam
985 1914 1132 1958 fuisse.
1162 1915 1426 1959 Revocatur
1450 1919 1571 1958 enim
1591 1915 1768 1959 Aeneas
1796 1931 1818 1958 a
1846 1915 2088 1974 spectando
2115 1915 2309 1958 adventu
2329 1911 2541 1963 Didonis.

419 1978 534 2028 462.
589 1981 706 2027 Sunt
739 1982 975 2042 lacrymae
1007 1996 1162 2026 rerum
1198 1989 1243 2026 et
1276 1990 1473 2027 mentem
1507 1982 1726 2027 mortalia
1761 1988 1974 2040 tangunt.
2043 1978 2095 2027 P.
2143 1983 2238 2027 uo'n
2282 1981 2453 2038 credit,
2498 1988 2536 2031 s'i

211 2057 332 2093 recte
366 2049 543 2094 dicatur
576 2049 810 2109 lacrymae
852 2047 1052 2093 Creusae
1086 2048 1132 2102 2,
1168 2047 1271 2093 784·
1302 2057 1348 2093 et
1383 2049 1539 2093 Lausi
1568 2049 1762 2093 dolores
1787 2050 1841 2102 2,
1878 2047 1976 2094 413
2012 2062 2095 2106 pro
2129 2050 2342 2109 lacrymis
2376 2059 2423 2095 et
2456 2051 2543 2097 «10⁴

211 2118 382 2159 loribus
417 2125 622 2176 propter
639 2119 855 2160 Creusam
898 2127 943 2159 et
988 2118 1204 2169 Lausum,
1241 2122 1408 2176 pariter
1453 2117 1544 2158 dici
1579 2133 1705 2177 posse
1740 2117 1976 2174 lacrymae
2017 2132 2175 2160 rerum
2209 2132 2291 2176 pro
2325 2118 2540 2180 lacrymis

211 2193 399 2242 propte1
432 2201 522 2229 reS.
589 2186 685 2229 Cur
710 2203 812 2230 non
847 2186 1001 2230 credat
1035 2193 1164 2229 tacet.
1212 2186 1393 2229 Scilicet
1426 2202 1479 2230 eo
1514 2185 1744 2237 differunt,
1782 2185 1904 2245 quod
1939 2185 2175 2244 lacrymae
2207 2191 2362 2230 rerum
2393 2193 2538 2272 magis

212 2256 349 2296 etiam
395 2252 639 2297 offensione
683 2261 828 2306 caret,
873 2266 1014 2315 quum
1058 2251 1293 2312 lacrymae
1334 2249 1557 2305 Creusae,
1604 2251 1762 2296 Lausi
1791 2252 1972 2297 dolores
2007 2252 2214 2314 ambigua
2243 2253 2425 2299 &videri
2429 2262 2541 2316 pos*

213 2323 319 2373 sint,
353 2321 587 2379 lacrymae
619 2334 776 2363 rerum
810 2335 902 2364 non
939 2325 1122 2379 possint.
1170 2320 1346 2363 Deinde
1380 2334 1464 2378 pro
1498 2327 1697 2364 mentem
1731 2335 1754 2364 e
1791 2321 1963 2378 vulgari
2000 2322 2154 2365 Latini
2188 2322 2405 2365 sermonis
2440 2324 2540 2384 lege

212 2397 387 2432 mentes
420 2388 707 2433 scribendum
738 2387 872 2432 fuisse
907 2389 1168 2441 arbitratur,
1203 2392 1328 2446 quasi
1364 2405 1469 2433 eum
1504 2389 1715 2441 latuisset,
1752 2388 2155 2433 innumerabilibus
2191 2389 2298 2432 locis
2333 2406 2360 2433 a
2394 2385 2540 2457 poetis

212 2458 408 2500 maxime
442 2455 557 2499 hanc
590 2455 736 2520 legem
770 2457 892 2514 migr
892 2458 971 2499 ari.
1042 2454 1138 2500 Cf.-
1152 2455 1196 2508 2,
1225 2455 1296 2499 35
1333 2470 1524 2514 quorum
1560 2447 1723 2499 melior
1757 2454 1985 2499 sententia
2018 2453 2184 2510 menti3
2234 2452 2300 2500 54
2336 2457 2382 2501 εἰ
2409 2468 2540 2504 mene

212 2537 304 2566 non
328 2522 472 2571 laeva
493 2517 727 2586 fuisse&
748 2521 804 2577 8,
831 2517 929 2568 440
964 2523 1053 2566 huc
1103 2515 1328 2565 advertite
1370 2530 1599 2565 mentem·
1576 2555 1594 2579 ,
1647 2520 1694 2574 9,
1730 2523 1829 2567 292
1857 2536 2084 2581 percussa
2128 2530 2280 2567 mente
2313 2523 2539 2579 dederant

214 2589 526 2633 Dardanidae
557 2584 806 2645 lacrymae.
860 2591 929 2633 P.
964 2605 1057 2633 non
1091 2603 1299 2648 magnam
1335 2593 1631 2632 mutationem
1664 2590 1883 2647 appellat,
1931 2593 1968 2632 si
2014 2590 2260 2633 scribatur:
2312 2591 2429 2636 Sunt
2460 2590 2540 2637 la-

215 2671 413 2717 crymae,
458 2671 577 2710 reor,
621 2664 760 2717 atque
803 2657 1011 2701 homines
1048 2656 1268 2701 mortalia
1302 2664 1524 2714 tangunt,
1569 2670 1684 2718 quae
1718 2671 1902 2714 prorsus
1946 2656 2156 2716 languida
2201 2666 2244 2701 et
2288 2662 2388 2702 vix
2401 2657 2538 2718 piosa'

213 2730 413 2769 oratione
449 2725 608 2784 digna·
618 2739 709 2768 esse
745 2740 877 2768 nemo
914 2741 1007 2769 nou
1040 2728 1194 2770 sentit.
2118 2741 2120 2745 ·

342 2817 355 2839 .·
423 2794 559 2840 505.
588 2790 704 2837 sliam
732 2788 942 2850 foribus
965 2792 1142 2849 divae,
1170 2792 1325 2838 media
1357 2792 1588 2837 testudine
1623 2793 1786 2852 templi
1817 2817 1881 2827 —
1914 2792 2097 2837 resedit.
2166 2793 2219 2838 Ρ
2256 2796 2535 2841 verissimam

215 2862 445 2921 VVagneri
479 2861 828 2924 disputationem
864 2861 917 2904 de
952 2861 1147 2906 ablativo
1183 2865 1303 2904 vocis
1336 2860 1515 2921 medias
1549 2865 1709 2918 omissa
1743 2864 2068 2922 praepositione
2103 2862 2309 2920 neglexit
2341 2864 2535 2922 semper-⁸

217 2940 306 2991 que
320 2930 555 2988 joquitur,
589 2931 718 2991 quasi
748 2926 909 2972 media
942 2928 992 2971 in
1026 2928 1095 2972 vel
1132 2926 1216 2972 aab
1250 2928 1480 2973 teaucdine
1514 2928 1676 2987 templi
1704 2933 1920 2986 scriptum
1943 2931 2036 2981 sit,
2082 2927 2208 2990 quod
2243 2929 2348 2974 sa'ne
2381 2932 2531 2975 alteri:

217 2994 408 3045 scribut·
428 2995 564 3040 divae
595 3004 881 3056 repugnaret.
931 2996 1175 3054 Propterea
1210 2997 1302 3056 legi
1335 2994 1462 3054 jubet
1505 2995 1640 3040 Tam.¹
1648 2994 1841 3054 foribus
1874 2994 2009 3038 divae
2040 2995 2216 3050 media.
2246 3013 2280 3041 a
2310 2994 2536 3056 testudine

220 3064 380 3122 templi
397 3087 456 3097 ·—
488 3064 678 3107 resedit·
701 3064 869 3108 Media
890 3060 1081 3122 joi-ibus
1113 3079 1233 3107 cum¹
1253 3054 1472 3124 dignitate
1507 3065 1681 3108 dictum
1714 3079 1804 3107 esse
1839 3071 1891 3106 ut
1927 3062 1973 3116 1,
2010 3062 2324 3109 697¹²aalaeis
2351 3065 2450 3118 iam
2473 3057 2536 3109 e‘e

216 3133 381 3190 regina
416 3129 622 3191 superbis
655 3126 819 3176 Aurea
851 3131 1121 3192 composuit*
1139 3131 1320 3192 sponda
1352 3131 1641 3191 mediamque
1670 3130 1853 3175 locavit.
1905 3129 1973 3173 vA
2002 3127 2232 3176 eentum
2262 3131 2534 3189 significare:
