2863 3690
280 232 343 276 18

273 369 573 424 congruunt.
602 361 643 403 E
678 375 842 404 novem
879 358 1081 402 fontibus
1117 373 1169 401 οι
1172 366 1258 411 tus,
1294 361 1377 418 qui
1412 365 1534 401 tanta
1569 361 1613 403 vi
1651 366 1888 415 proruunt,
1924 367 1977 403 ut
2011 367 2132 404 totus
2166 375 2297 405 mons
2332 368 2453 406 vasta
2487 373 2619 411 sonet

276 432 653 482 murmuratione,
687 431 726 473 it
760 431 912 472 statim
947 429 999 470 in
1033 439 1153 470 mare
1189 432 1503 485 prorupturus,
1541 433 1771 486 postquam
1808 418 2111 483 suepentibus
2143 412 2368 474 fluctibus
2392 443 2497 486 arva
2516 430 2623 491 late,

278 498 520 556 inundavit
556 500 832 558 pressitque
846 503 1074 554 tamquam
1110 492 1272 572 pelago
1303 495 1497 536 sonanti.
1555 495 1656 549 Qua
1692 493 1925 553 magnifica
1961 493 2093 538 fluvii
2122 476 2616 559 descriptionemque

275 565 392 633 quid
427 564 638 622 Vergilio
674 566 817 621 magis
852 562 1042 621 dignum
1077 563 1274 604 inveniri
1311 567 1460 620 queat.
1495 561 1734 622 Simulque
1768 569 1958 623 augetur
1985 561 2054 604 his
2090 564 2399 626 periculorum
2433 550 2623 625 species,

274 639 392 693 quae
424 632 587 675 ¹Venus
622 630 910 674 Antenorem
943 641 1173 684 superasse
1209 626 1430 679 ostendit,
1467 625 1590 685 quod
1624 627 1716 683 jam
1744 628 1908 687 Heyn.
1935 628 2163 673 intellexit
2194 638 2316 675 recte
2351 634 2407 675 iis
2442 636 2622 708 opponi,

379 713 418 754 e,
455 700 536 759 qui
572 696 629 741 de
666 700 864 757 genuino
898 700 1003 739 ortu
1042 695 1222 739 illorum
1259 707 1468 736 versuum
1504 692 1782 738 dubitarent.
2083 729 2085 732 .
2379 738 2406 741 ⁷>
2528 739 2547 743 Η

480 764 594 809 268.
631 764 730 808 Ilus
763 772 866 808 erat
902 764 1015 807 dum
1050 779 1124 806 res
1168 761 1296 804 stetit
1328 759 1422 802 Ilia
1455 775 1615 818 regno.
1663 764 1976 821 Quicumque
2011 756 2187 819 memor
2222 773 2314 809 est
2309 776 2512 829 quanta
2527 784 2623 832 cu-¹

271 833 464 891 piditate
483 830 627 892 Verg.
665 834 919 875 nominum
940 830 1179 889 gentilium
1215 835 1365 886 etyma
1403 834 1578 887 captare
1614 828 1767 882 soleat,
1801 828 2040 874 altissimae
2074 831 2219 876 Juliae
2254 835 2401 891 gentis
2437 837 2618 895 etymo-

270 901 438 961 logiam
488 902 566 944 vix
612 898 768 944 credat
812 899 868 944 ab
914 899 1003 943 alio
1038 897 1112 941 hic
1157 899 1245 940 nisi
1280 895 1336 938 ab
1373 899 1470 956 ipso
1508 904 1634 954 poeta
1669 899 1858 954 positam
1894 910 2013 951 esse,
2061 901 2235 945 etiamsi
2271 900 2326 943 ab
2362 899 2478 945 Jove
2493 900 2617 945 haee

271 970 364 1012 dici
400 982 493 1010 non
528 967 794 1010 laudaverit.
862 966 1099 1026 Simulque
1136 964 1380 1006 tenendum
1417 964 1637 1007 Romanis
1672 969 1877 1021 gentium
1913 980 2095 1009 suarum
2131 971 2251 1011 inter
2293 961 2618 1013 vetustissimos

271 1037 477 1080 homines
513 1039 912 1092 investigationem
949 1048 1168 1092 pelquam
1204 1039 1377 1089 gratam
1412 1046 1462 1073 ac
1497 1030 1676 1089 plenam
1712 1031 1976 1076 deliciarum
2013 1036 2152 1078 visam
2187 1050 2295 1080 esse.
2349 1035 2514 1099 Itaque
2539 1036 2615 1081 hic

272 1118 427 1147 versus
473 1118 568 1145 nou
615 1105 759 1158 magis
807 1106 853 1144 in
899 1102 1201 1156 suspicionem
1238 1097 1461 1142 vocandus
1511 1106 1577 1141 est
1613 1113 1747 1156 quam
1783 1097 1897 1143 infra
1946 1115 1988 1144 v.
2027 1099 2126 1146 288
2174 1101 2324 1147 Julius
2368 1118 2400 1145 a
2441 1118 2617 1166 magno

272 1169 528 1214 demissum
573 1182 737 1211 nomen
770 1167 899 1217 Julo,
948 1167 1027 1208 ubi
1071 1174 1117 1207 et
1152 1165 1305 1224 Heyn.
1350 1173 1396 1207 et
1432 1165 1483 1207 P.
1521 1165 1778 1223 Velgilium
1825 1175 2123 1223 agnoverffunt
2195 1170 2330 1224 Quod
2374 1177 2538 1214 autem
2559 1171 2613 1213 P.

272 1244 411 1297 negat
447 1237 556 1279 dum
590 1250 664 1277 res
699 1234 828 1277 stetit
864 1232 955 1275 Ilia
990 1247 1135 1290 regno
1151 1232 1316 1274 Latine
1353 1232 1445 1274 dici
1481 1245 1623 1288 posse,
1660 1234 1745 1274 hoc
1779 1231 1922 1275 fateor
1957 1249 2029 1276 me
2065 1250 2157 1278 non
2193 1240 2478 1294 perspicere.
2493 1230 2616 1281 Nam

275 1310 314 1348 si
350 1305 567 1348 Latinum
614 1309 681 1344 est
725 1317 800 1344 res
830 1300 923 1343 Illa
968 1299 1118 1352 stetit,
1166 1299 1288 1356 quod
1331 1299 1387 1341 ab
1423 1303 1522 1355 ipso
1558 1299 1843 1353 conceditur,
1893 1316 1983 1344 non
2019 1304 2170 1346 minus
2205 1303 2425 1347 Latinum
2460 1297 2614 1349 addito

274 1385 432 1430 regnO,
469 1370 606 1413 modo
642 1368 728 1412 hoc
766 1368 1033 1412 vocabulum
1070 1374 1189 1409 recte
1224 1367 1441 1426 explicari
1479 1370 1631 1424 possit.
1683 1367 1805 1409 Illius
1842 1369 2173 1427 conjecturam:
2211 1364 2332 1430 (Ilus
2366 1363 2469 1413 erat
2502 1362 2616 1416 diim

273 1455 349 1482 res
385 1437 514 1480 stetit
550 1434 663 1496 Ilm)
700 1437 838 1494 regni
880 1434 1100 1492 Triginta
1135 1449 1333 1491 magnos
1369 1433 1605 1476 volvendzs
1640 1434 1871 1478 mensibus
1908 1433 2030 1478 orbis
2066 1434 2266 1495 Imperio
2301 1436 2526 1499 explebit,
2562 1447 2615 1482 ut

274 1505 412 1565 regni
451 1504 645 1564 imperio
694 1504 933 1562 jungatur,
977 1501 1221 1545 admodum
1267 1505 1551 1545 invenustam
1588 1516 1682 1545 esse
1717 1510 1902 1560 apparet
1937 1517 2039 1546 cum
2080 1511 2263 1561 propter
2297 1507 2525 1564 ingratum
2563 1509 2615 1550 in

272 1587 448 1618 caesura
486 1580 533 1616 et
568 1571 810 1616 verborum
847 1571 1154 1622 collocatione,
1190 1577 1287 1612 tum
1324 1569 1447 1630 quod
1483 1569 1621 1627 regni
1652 1583 1833 1626 prorsus
1869 1583 2246 1627 supervacaneum
2280 1580 2361 1615 est.
2431 1571 2612 1632 VVagn.

273 1641 387 1683 dum
421 1655 497 1682 res
533 1640 660 1682 stetit
697 1638 788 1681 Ilia
822 1654 967 1695 regno
1004 1637 1123 1679 idem
1160 1651 1251 1678 esse
1287 1643 1350 1679 ait
1384 1652 1455 1678 ac.
1494 1637 1603 1678 dum
1639 1653 1709 1680 res
1743 1643 1867 1680 stetit
1900 1638 1982 1680 Ilio
2017 1629 2172 1695 regno,
2209 1639 2614 1701 compalatisLivii

274 1708 424 1752 verbis
466 1708 508 1759 1,
546 1707 576 1752 3
613 1723 688 1751 res
723 1705 905 1751 Latina
933 1718 1081 1764 puero
1118 1703 1259 1747 steti.t
1310 1705 1399 1749 Sed
1433 1703 1653 1760 ejusmodi
1688 1704 1923 1764 hypallage
1959 1718 2041 1749 nec
2077 1713 2369 1769 consentanea
2405 1713 2473 1750 est
2506 1721 2613 1752 sen-

272 1778 438 1818 tentiae
473 1775 559 1818 loci
598 1789 679 1817 nec
713 1776 968 1826 necessaria,
1005 1771 1140 1814 modo
1176 1785 1320 1828 regno
1369 1786 1459 1814 non
1498 1784 1580 1827 pro
1616 1771 1791 1823 dativo,
1837 1773 1911 1815 sed
1950 1785 2030 1828 pro
2076 1773 2269 1816 ablativo
2305 1776 2495 1831 accipias
2531 1778 2613 1833 qui

270 1843 394 1884 modi
432 1858 481 1884 ac
518 1846 705 1884 rationis
742 1842 932 1883 dicitur:
970 1855 1021 1881 so
1056 1839 1195 1895 lange
1231 1839 1314 1879 der
1349 1837 1517 1880 Ilisclte
1554 1839 1691 1880 Staat
1724 1839 1809 1880 mit
1845 1854 2016 1881 semem
2035 1838 2210 1882 Reiche
2243 1839 2451 1892 bestand,
2457 1841 2614 1904 quod

272 1913 359 1951 nisi
394 1909 524 1952 fallot
559 1913 694 1951 etiam
731 1908 877 1951 Thiel.
916 1908 1073 1949 voluit.
1147 1906 1242 1948 Cur
1277 1906 1420 1962 Veig.
1458 1920 1601 1961 regno
1637 1905 1863 1948 addiderit
1909 1922 1998 1948 non
2043 1905 2284 1950 obscurum
2333 1916 2412 1951 est.
2496 1907 2612 1969 Urbs

272 1976 413 2020 Ilium
448 1977 669 2019 cecideiat
706 1990 849 2033 neque
885 1974 1076 2030 amplius
1114 1976 1252 2024 stetit,
1290 1988 1363 2015 res
1394 1970 1485 2014 Illa
1520 1989 1611 2015 non
1650 1987 1831 2028 p101sus
1867 1973 2087 2016 cecidelat
2121 1973 2196 2017 sed
2233 1974 2445 2028 durabat,
2479 1990 2612 2033 supe-

274 2044 480 2087 rantibus
526 2059 614 2087 non
652 2043 796 2086 solum
835 2041 994 2085 Aenea
1039 2055 1140 2083 cum
1178 2043 1308 2082 sociis
1347 2054 1502 2083 verum
1539 2043 1673 2083 etiam
1710 2036 1794 2082 D1s
1830 2041 1996 2097 Trojae
2032 2040 2299 2093 Penatibus,
2336 2054 2609 2102 quamquam

271 2127 318 2155 ea
357 2112 437 2154 illo
474 2118 677 2167 tempote
714 2125 856 2167 regno
892 2109 1084 2151 carebat.
1155 2107 1229 2148 Sic
1266 2116 1443 2163 poetam
1478 2107 1694 2163 judicasse
1729 2122 1753 2148 e
1785 2109 1936 2151 multis
1973 2108 2081 2150 locis
2117 2109 2273 2161 elucet,
2310 2124 2452 2167 quum
2487 2125 2608 2154 sem-

268 2193 348 2235 per
386 2178 571 2223 Aeneae
608 2178 846 2220 consilium
882 2176 1086 2218 ostendat
1125 2188 1289 2217 novum
1327 2173 1459 2216 Ilium
1497 2189 1747 2232 novamque
1783 2182 1983 2217 veterum
2021 2174 2259 2218 Penatium
2301 2176 2451 2220 sedem
2494 2192 2608 2220 con-—

270 2247 422 2290 dendi.
466 2249 507 2301 1,
547 2244 610 2290 68
647 2246 768 2289 Juno
804 2244 856 2287 de
893 2244 1177 2287 Teucrorum
1213 2249 1369 2299 gente:
1407 2239 1546 2284 Ilium
1581 2241 1630 2284 in
1667 2241 1857 2285 Italiam
1887 2251 2085 2300 portans
2119 2241 2351 2304 victosque
2380 2242 2579 2289 Penates
2587 2262 2610 2304 ,-

273 2314 321 2368 3,
357 2313 421 2358 86
459 2315 640 2358 Aeneas
676 2312 896 2372 reliquias
933 2309 1161 2353 Danaam
1195 2317 1333 2367 atque
1367 2309 1558 2351 immitis
1595 2310 1769 2353 Achilli
1800 2311 1846 2353 h.
1881 2325 1919 2352 e.
1955 2327 2000 2355 se
2036 2326 2137 2353 cum
2174 2316 2304 2354 sociis
2340 2321 2386 2355 et
2420 2307 2608 2356 Penati-

270 2381 356 2423 bus
394 2381 542 2423 altera
586 2380 763 2440 Trojae
799 2379 1034 2437 Pergama
1069 2378 1280 2434 appellat.
1349 2377 1472 2419 Idem
1515 2377 1608 2420 132
1661 2376 1791 2433 Ergo
1827 2377 1992 2422 avidus
2026 2393 2184 2421 muros
2220 2387 2409 2442 optatae
2442 2380 2608 2425 molior

270 2446 401 2492 urbis
447 2447 840 2507 Pergameamque
885 2462 1026 2502 voco,
1084 2454 1127 2488 et
1165 2444 1263 2489 502
1309 2445 1362 2487 ad
1411 2444 1660 2488 Helenum:
1713 2442 1947 2503 Cognatas
1995 2443 2130 2490 urbes
2172 2445 2281 2490 olim
2322 2446 2608 2523 populosque

268 2514 553 2573 propinquos
589 2539 652 2547 —
686 2531 828 2558 unam
849 2511 1089 2570 faciemus
1124 2521 1367 2570 utramque
1411 2511 1608 2565 Trojam
1643 2513 1824 2556 animi.s
1894 2514 1939 2568 7,
1976 2514 2074 2558 233
2123 2512 2225 2557 Nec
2268 2513 2466 2574 Trojam
2500 2518 2606 2559 Au-

272 2582 426 2625 sonios
464 2581 654 2640 *gremio
701 2581 934 2638 excepisse
975 2579 1178 2639 pigebit3
1225 2587 1269 2621 et
1306 2579 1403 2624 322
1440 2580 1561 2622 Juno
1608 2589 1826 2623 memorat
1861 2581 2068 2623 recidiva
2104 2579 2352 2640 Pergama.
2420 2582 2606 2631 Praeter

271 2657 417 2693 cetera
461 2657 610 2693 autern
657 2648 845 2709 legenda
896 2657 1002 2691 sunt
1036 2647 1235 2690 Evandri
1282 2648 1413 2689 verba
1451 2645 1506 2699 8,
1553 2643 1651 2691 470
1696 2647 1906 2690 Maxime
1950 2646 2230 2699 Teucrorum
2274 2648 2467 2704 ductor,
2515 2665 2602 2709 quo

271 2706 448 2776 sospite
482 2733 737 2774 numquam
772 2716 870 2758 Res
905 2716 1113 2773 equidem
1156 2714 1332 2772 Trojae
1373 2715 1522 2758 victas
1566 2722 1649 2757 aut
1691 2730 1839 2773 regna
1863 2712 2084 2772 fatebor;
2127 2712 2299 2777 vquibus
2346 2712 2604 2763 conferatur

274 2784 364 2833 Ov.
400 2785 517 2829 Met.
558 2784 642 2837 15,
690 2779 807 2828 437.
857 2780 1124 2826 Priamides
1160 2779 1369 2824 Helenus
1389 2779 1536 2840 flenti
1567 2778 1792 2841 dubioque
1826 2782 1991 2827 salutis
2027 2781 2234 2827 Dixerat
2269 2780 2454 2833 Aeneae
2497 2798 2602 2828 cum

267 2866 346 2895 res
389 2849 598 2911 Trojana
632 2849 841 2895 labaret:
877 2875 942 2882 —
978 2864 1072 2892 non
1105 2855 1206 2891 tota
1241 2847 1374 2891 cadet
1409 2856 1454 2892 te
1488 2847 1659 2908 sospite
1704 2848 1864 2911 Troja.
1900 2851 2025 2906 Quae
2062 2864 2203 2912 quum
2239 2852 2302 2891 ita
2335 2853 2441 2905 sint,
2467 2840 2603 2915 sfacile

267 2919 502 2963 intellectu
537 2927 616 2970 est,
651 2919 812 2962 Jovem
847 2919 1116 2974 simpliciter
1150 2916 1260 2958 dum
1294 2931 1368 2958 res
1403 2917 1532 2959 stetit
1567 2915 1658 2958 Ilia
1695 2919 1839 2960 dicere
1875 2934 1967 2960 non
2003 2915 2224 2975 potuisse,
2261 2932 2316 2958 ne
2350 2915 2605 2977 significare*

267 2986 503 3032 videretur
537 3000 630 3027 eam
668 2994 776 3028 tunc
814 3000 998 3062 prorsus
1035 2999 1127 3028 esse
1163 2983 1415 3040 collapsam.
1486 2985 1688 3027 Similem
1726 2985 1857 3028 ablat.
1891 2985 1946 3037 2,
1994 2984 2058 3028 88
2105 2981 2233 3025 Dum
2269 2982 2426 3028 stabat
2457 3000 2602 3044 regno

269 3053 512 3098 incolumis
547 3050 866 3112 (Palamedes)
902 3054 993 3110 jam
1031 3052 1187 3111 Heyn.
1224 3053 1272 3094 in
1309 3064 1406 3095 exc.
1442 3054 1514 3095 ad
1534 3052 1642 3097 h.1.
1680 3052 1925 3098 adnotavit.

474 3121 590 3166 276.
639 3119 863 3164 Romulus
908 3119 1109 3178 excipiet
1148 3127 1350 3177 gentem.
1420 3120 1561 3163 Recte
1605 3120 1657 3163 Ρ.
1701 3124 1840 3163 sensit
1884 3119 2111 3177 vulgarem
2157 3094 2598 3179 interpretationem.
