2863 3690
0 86 32 106 μ’
123 89 133 107 .-

211 427 333 469 enim
367 423 558 483 Jupiter
579 422 842 480 Dodonaeis
876 427 970 473 aut
987 419 1110 467 Eleis
1137 421 1256 465 tale
1261 422 1506 483 imperium
1540 424 1812 482 concupivit,
1843 435 1990 480 neque
2025 420 2193 489 Apollo
2227 423 2550 471 dilectissimus

212 480 386 546 insulae
422 489 575 549 Delo,
621 501 769 553 neque
809 488 957 548 Aegis
1000 476 1244 548 Neptunus
1285 490 1368 531 etsi
1417 501 1603 531 currum
1648 488 1715 533 ibi
1758 494 2063 554 constituet-at.
2145 484 2458 561 Latinitatem
2483 488 2540 562 Ρ.

209 558 376 614 frustra
410 555 734 619 reprehendit.-
770 556 911 601 Nam:
925 553 1066 617 quod
1081 557 1280 612 requirit
1308 553 1458 599 tenda
1478 551 1592 614 fore
1624 570 1836 616 regnum,
1871 561 2085 614 quoniam
2120 573 2213 602 non
2246 562 2298 604 in
2330 551 2541 632 praenit-

211 615 312 678 sed
324 628 375 669 in
408 623 617 686 futurum
640 630 830 689 tempus
837 623 1119 687 Carthagini
1127 636 1328 687 regnum
1364 624 1570 687 gentium
1605 638 1631 665 a
1664 623 1843 668 lunone
1878 624 2146 680 destinetur,
2179 625 2228 668 id
2260 629 2411 688 ipsum
2440 641 2541 684 non

211 696 316 756 satis
349 681 568 753 Latinum
609 698 762 742 'resset
803 704 945 748 quum
979 688 1114 733 verba
1147 689 1330 738 volendi
1376 688 1564 748 optandi
1597 690 1785 747 jubendi
1828 706 1932 734 cum
1967 689 2110 734 futuri
2143 691 2373 737 infinitivo
2383 685 2539 762 jungi

210 748 329 808 non
327 757 524 803 soleant.
593 749 780 820 Neque
790 760 978 802 omniuo
1000 755 1253 821 tenditque
1263 753 1490 822 sonetque
1521 757 1767 818 separanda
1802 767 1930 812 sunt,
1974 767 2028 802 ut
2062 758 2191 803 infin.
2224 759 2455 831 pertinent
2480 758 2540 807 ‘ad

211 816 373 879 tendit,
406 815 463 870 ad
483 821 623 884 fovet
656 832 806 871 autem
841 816 1069 882 objectum
1101 813 1299 886 suppleri
1321 824 1480 869 debeat
1514 824 1676 868 veluti·
1712 824 1798 869 hoc
1833 820 2022 884 regnum
2057 826 2130 891 vel
2164 819 2251 871 hoc
2284 808 2538 884 consilium,

211 894 334 953 quod
367 908 473 953 sane
504 893 672 943 durum
706 900 754 935 et
789 892 992 936 hiulcum
1028 900 1143 953 esset
1183 887 1400 952 orationis
1434 906 1602 949 genus,
1645 892 1724 935 sed
1745 900 1946 956 oportet
1979 898 2127 953 potius
2171 893 2301 937 illum
2332 890 2539 940 infiniti-

209 976 317 1006 vum
362 976 465 1010 cum
511 975 654 1011 accus.
697 974 782 1019 pro
827 963 1056 1022 communi
1101 938 1342 1016 utriusque
1372 957 1499 1003 verbi
1544 958 1724 1016 objecto
1759 960 1933 1004 habere.
2001 962 2235 1005 Postremo
2268 946 2537 1023 argumento

209 1027 523 1089 Peerlkampio
552 1027 680 1076 locus
714 1018 903 1073 inservit
936 1027 1174 1072 Sei-vianae
1210 1025 1496 1086 praefationis
1530 1042 1576 1086 p.
1596 1027 1652 1072 2:
1687 1026 1811 1071 unde
1845 1035 1890 1072 et
1923 1027 2190 1088 semiplenos
2223 1029 2326 1100 ejus
2357 1028 2539 1083 moeni-

210 1110 315 1138 mus
347 1095 611 1146 versiculos,
646 1102 720 1138 ue:
755 1094 831 1137 hic
866 1107 1030 1137 currus
1050 1091 1170 1151 suit.
1241 1092 1334 1137 Ubi
1370 1093 1491 1154 quod
1527 1094 1755 1151 objectum
1792 1098 1853 1138 iri
1887 1100 2040 1149 sensit,
2076 1096 2210 1139 veiha
2243 1103 2457 1159 corrupta
2490 1094 2539 1141 et

211 1162 286 1207 hic
321 1178 484 1206 cursus
505 1159 611 1220 fuit
643 1158 933 1206 scribendum
970 1177 1076 1215 esse,
1113 1160 1235 1218 quod
1270 1161 1604 1206 hemistichium
1644 1163 1691 1217 1,
1729 1157 1827 1208 534
1862 1167 2123 1217 invenitur,
2174 1163 2317 1206 debile
2351 1163 2538 1234 quidem

208 1247 259 1275 ac
295 1231 558 1291 plumbeum
591 1229 666 1275 ille
702 1230 841 1275 telum
876 1229 1138 1289 appellavit3
1173 1245 1255 1273 nos
1289 1228 1584 1274 nihilominus
1620 1238 1813 1284 utamur,
1850 1245 1990 1288 quum
2025 1235 2119 1288 ipse
2136 1231 2284 1274 Sentii
2309 1247 2537 1301 commen-7

208 1303 349 1354 tarius
386 1297 522 1342 verba
555 1312 580 1340 a
615 1298 929 1355 Peerlkampio
963 1297 1193 1354 repudiata
1227 1304 1452 1355 agnoscat.

415 1365 494 1408 21.
565 1364 692 1408 Hinc
721 1364 945 1426 populum
977 1364 1072 1407 late
1105 1378 1265 1423 regem
1297 1361 1499 1424 belloque
1531 1363 1778 1424 superbum
1818 1365 1874 1408 V
1865 1373 2079 1408 enturum
2127 1365 2305 1409 excidio
2340 1365 2534 1428 Libyae.

209 1435 385 1484 Locum
421 1432 800 1494 quemadmodum
835 1433 972 1490 vulgo
1007 1437 1366 1489 interpretantm
1400 1448 1492 1475 non
1535 1437 1679 1475 miror
1713 1433 2025 1490 Peeilkampio
2060 1435 2350 1490 displicuisse.
2404 1436 2536 1480 Mul-

209 1509 307 1545 tum
343 1501 418 1545 ille
451 1499 539 1543 sibi
576 1498 812 1557 profecisse
849 1499 1040 1554 videtur,
1075 1503 1113 1543 si
1150 1497 1215 1543 Ee
1241 1499 1466 1559 populum
1499 1499 1744 1555 scribatu13
1781 1514 2054 1559 quamquam
2088 1509 2140 1545 ut
2174 1501 2380 1559 generale
2409 1515 2538 1559 prae·

210 1570 349 1622 cedat,
383 1568 570 1626 speciale
605 1574 817 1644 sequatur
851 1581 1003 1610 versus
1037 1582 1088 1610 ac
1124 1566 1259 1610 verba
1295 1569 1360 1609 sic
1395 1573 1684 1625 ttansponeoe
1720 1569 1912 1613 mavult:
1963 1566 2244 1628 Progeniem
2287 1567 2391 1612 sed
2414 1568 2539 1614 enim

212 1635 425 1696 Trojano
460 1652 492 1678 a
525 1634 754 1692 sanguine
788 1634 900 1678 duci
927 1634 1174 1688 Audierat,
1209 1632 1389 1691 Libyae
1422 1635 1623 1678 excidio:
1660 1636 1727 1679 sic
1759 1637 1938 1678 volvere
1976 1636 2165 1679 Parcas.
2227 1635 2357 1678 Hinc
2383 1652 2537 1696 popu-

208 1704 320 1758 lum,
356 1704 450 1748 late
485 1717 642 1760 regem
675 1699 877 1764 belloque
912 1700 1171 1762 superbum,
1211 1697 1481 1745 Venturum
1525 1700 1690 1761 Tyrias
1728 1703 1837 1746 olim
1871 1702 1950 1763 qui
1980 1711 2176 1747 verteret
2212 1717 2359 1747 arces.
2430 1704 2536 1759 Quo

207 1774 381 1830 ingenii
415 1772 517 1814 lusu
552 1777 728 1826 captus
741 1770 814 1813 ille
849 1783 932 1812 nec
966 1769 1298 1823 animadvertit,
1337 1765 1657 1829 Carthaginem
1693 1769 1928 1814 delendam
1963 1769 2132 1814 idcirco
2168 1772 2294 1827 prius
2339 1766 2537 1814 comme-

207 1841 390 1889 morari,
425 1841 530 1894 quia
564 1836 650 1879 hoc
686 1852 828 1879 unum
862 1836 984 1879 Juno
1019 1840 1216 1880 maxime
1250 1836 1500 1890 metuebat,
1550 1851 1695 1893 neque
1729 1841 1916 1881 omnino
1950 1836 2006 1879 ad
2042 1838 2247 1880 ordinem
2283 1845 2329 1880 et
2363 1837 2535 1881 nexum

208 1908 532 1948 sententiarum
567 1905 672 1946 satis
705 1901 910 1945 attendit.
955 1904 1164 1960 Namque
1198 1902 1277 1945 ubi
1312 1902 1485 1946 dictum
1521 1911 1610 1946 est:
1645 1905 1846 1947 audierat
1880 1904 1999 1948 Juno
2035 1899 2295 1962 progeniem
2331 1898 2392 1948 ex
2426 1918 2535 1948 sau-

208 1976 344 2030 guine
379 1972 582 2028 Trojano
620 1969 939 2027 Carthaginem
975 1983 1228 2013 eversurum
1264 1985 1369 2021 esse,
1405 1975 1634 2027 quaeritur
1668 1973 1758 2029 J‘am
1795 1974 1873 2028 qui
1909 1971 1993 2014 hoc
2028 1970 2127 2015 fieri
2163 1973 2320 2029 possit.
2377 1970 2534 2028 Quare

208 2039 465 2097 explicandi
510 2053 637 2082 causa
681 2037 878 2090 additur,
923 2038 1143 2094 populum
1186 2039 1273 2081 late
1308 2047 1571 2095 regnantem
1604 2054 1663 2081 ex
1699 2040 1777 2082 illo
1813 2043 2030 2097 sanguine
2063 2054 2155 2082 esse
2191 2042 2420 2082 oriturum
2452 2039 2537 2095 qui

207 2107 385 2166 Libyae
429 2105 607 2150 excidio
643 2112 860 2149 venturus
907 2107 976 2148 sit.
1047 2104 1183 2159 Quod
1220 2117 1360 2161 quum
1394 2105 1549 2164 Heyn.
1587 2114 1705 2150 recte
1741 2109 2067 2162 perspexisset,
2111 2109 2277 2160 nescio·
2307 2120 2387 2148 cur
2429 2102 2538 2150 him}

208 2173 264 2216 ad
302 2171 574 2234 progeniem
620 2172 838 2215 retulerit.
908 2172 1028 2216 Nam
1064 2184 1204 2229 quum
1236 2171 1509 2235 progeniem,
1548 2171 1714 2232 Tyrias
1760 2173 1869 2217 olim
1902 2187 2020 2232 quae
2064 2179 2262 2216 verteret
2295 2186 2428 2216 arces
2461 2171 2535 2216 se-

206 2242 396 2299 jungere
433 2240 719 2294 non-liceat,
755 2238 859 2282 falsa
896 2242 1120 2301 enascitur
1154 2242 1399 2282 sententia:
1449 2255 1507 2283 ex
1542 2240 1615 2284 illa
1653 2244 1865 2299 progenie
1901 2254 2012 2297 quae
2047 2241 2214 2299 Tyrias
2260 2240 2369 2283 olim
2411 2253 2534 2283 arces

210 2316 417 2360 verteret,
462 2308 678 2363 populum
722 2299 809 2349 late
855 2320 1008 2363 regem
1051 2314 1292 2349 venturum
1337 2321 1428 2348 esse
1473 2307 1654 2350 excidio
1688 2308 1889 2366 Libyae,
1942 2307 1987 2349 h.
2023 2321 2063 2349 e.
2107 2322 2166 2349 ex
2199 2322 2249 2348 ea
2283 2320 2395 2363 quae
2429 2305 2535 2349 ante

201 2374 450 2434 progenies
468 2373 774 2430 TroJanotum
811 2372 931 2416 dicta
963 2380 1044 2424 est,
1079 2380 1180 2429 post
1216 2373 1504 2430 Carthaginis
1538 2374 1769 2417 excidium
1800 2374 2000 2433 populus
2034 2374 2187 2417 evadet
2220 2374 2306 2416 late
2330 2386 2539 2442 regnans

206 2449 253 2485 et
286 2449 427 2487 totam
464 2448 687 2498 praeterea
723 2439 919 2498 Libyam
954 2453 1203 2482 eversurus·
1272 2440 1421 2515 Quam
1455 2435 1720 2484 sententiam
1756 2446 1913 2485 miror.
1932 2441 2143 2484 Jahnium
2178 2443 2227 2483 in
2270 2438 2392 2484 cens.
2435 2455 2536 2494 am·-

207 2509 392 2565 plexum
427 2522 534 2551 esse.
604 2509 725 2551 Nam
761 2507 815 2550 de
850 2506 1077 2549 vocabulis
1105 2507 1354 2565 progenies
1387 2514 1434 2549 et
1459 2508 1662 2566 populus
1697 2512 1790 2563 ipse
1826 2512 2056 2559 concessit,
2091 2522 2182 2550 non
2219 2510 2324 2549 satis
2360 2497 2535 2564 perspi-

208 2589 343 2618 cuum
378 2588 470 2617 esse
506 2587 592 2631 qua
628 2577 673 2616 vi
710 2580 756 2617 et
755 2575 974 2630 snotione
1008 2571 1094 2615 sibi
1132 2572 1178 2616 h.
1213 2573 1243 2616 l.
1279 2581 1582 2652 opponantur.
1653 2574 1778 2630 Quid
1813 2581 1960 2617 autem
1996 2573 2117 2617 Juno
2152 2581 2254 2630 post
2290 2573 2535 2632 Carthagi-—

208 2657 311 2685 nem
346 2641 796 2696 eversam-reliquam
813 2641 1010 2698 Libyam
1046 2640 1245 2693 curabat,
1280 2649 1325 2683 et
1358 2644 1394 2683 si
1432 2641 1627 2694 curabat,
1665 2641 1887 2698 quidhoc
1922 2639 2143 2683 attinebat
2176 2641 2227 2682 ad
2244 2637 2534 2683 Aeneidem?

208 2708 400 2755 Etiamsi
437 2699 540 2751 vero
575 2706 682 2750 hinc
716 2711 1047 2764 interpreteris:
1094 2723 1152 2751 ex
1188 2708 1274 2753 hoc
1309 2705 1553 2768 (Trojano)
1589 2705 1832 2767 sanguine,
1879 2724 2029 2752 caveas
2065 2717 2213 2751 tamen
2257 2705 2532 2766 conjungere

209 2775 340 2821 Hinc
365 2774 589 2836 populum
621 2769 880 2819 venturum.
951 2776 1069 2820 Nam
1103 2780 1139 2820 si
1176 2784 1420 2821 venturum
1454 2775 1634 2821 excidio
1678 2777 1923 2836 significat:
1971 2775 2274 2832 profecturum
2310 2772 2366 2817 ad
2405 2777 2532 2818 exci-

211 2844 353 2896 dium,
387 2857 544 2901 parum
576 2845 790 2886 convenit
822 2841 953 2895 hinc,
1000 2856 1059 2885 ex
1094 2843 1180 2886 hoc
1214 2846 1458 2902 sanguine;
1493 2847 1563 2887 sin
1597 2843 1717 2888 idem
1754 2852 1821 2888 est
1853 2851 1986 2899 atque
2020 2845 2269 2895 oriturum,
2307 2838 2531 2894 futurum,

211 2915 434 2968 ingratam
471 2911 760 2966 tautologiam
798 2922 978 2960 censeo,
1023 2912 1061 2950 si
1098 2917 1199 2965 post
1232 2924 1412 2969 gravem
1450 2911 1599 2953 Praes.
1635 2910 1912 2952 infinitivum
1942 2908 2214 2968 progeniem
2246 2908 2360 2951 duci
2390 2909 2528 2951 multo

213 2977 403 3022 debilius
448 2985 494 3021 et
539 2991 692 3034 prosae
735 2968 927 3018 orationi
970 2976 1353 3020 accommodatum
1393 2975 1614 3035 populum
1655 2984 1899 3019 venturum
1947 2992 2047 3018 esse
2088 2976 2318 3034 sequatur.
2400 2973 2526 3035 Ordo

212 3042 455 3099 vetborum
488 3043 564 3087 hic
599 3058 691 3087 esse
727 3041 880 3086 debet·
915 3040 1002 3084 Sed
1038 3044 1160 3084 enim
1194 3042 1395 3085 audierat
1419 3042 1622 3097 Trojano
1656 3057 1681 3085 a
1716 3039 1931 3101 sanguine
1966 3042 2074 3086 duci
2109 3028 2373 3103 progeniem
2413 3053 2528 3109 quae

211 3112 319 3156 olim
357 3111 523 3171 Tyrias
558 3126 680 3155 arces
719 3116 921 3162 verteret,
955 3108 1062 3153 hinc
1096 3108 1180 3168 (ex
1214 3108 1301 3152 boc
1335 3110 1551 3169 sanguine
1585 3105 1717 3169 duci)
1751 3111 1970 3167 populum
2004 3111 2093 3155 late
2137 3124 2291 3169 regem
2324 3097 2529 3182 belloque

210 3180 471 3238 superbum,
509 3186 754 3222 ventulum
786 3177 964 3221 excidio
998 3177 1172 3237 Libyae
1206 3176 1254 3220 h.
1288 3191 1326 3220 e.
1360 3181 1438 3235 qui
1475 3180 1524 3220 in
1558 3177 1790 3223 excidium
1826 3178 2001 3239 Libyae
2037 3187 2251 3223 venturus
2282 3179 2355 3219 sit.
2436 3179 2440 3183 '

1947 3250 1981 3290 2
