2863 3690
260 232 330 305 io

299 382 321 386 ”
467 388 532 433 23
549 403 618 446 sq.
664 385 726 431 Id
757 395 964 431 metuens
1000 411 1066 421 -
1095 399 1185 447 pro
1220 387 1345 450 caris
1370 386 1595 446 gesserat
1624 382 1787 447 Argis.
1830 381 1984 452 Hujus
2014 382 2116 433 lo'cl'
2130 375 2441 441 'andeoldfflon
2476 390 2599 454 qnod

260 457 420 503 dieunt
453 469 602 518 neque
636 457 866 516 ingratum
902 461 968 499 est
1004 468 1149 512 neque
1184 469 1208 496 a
1225 449 1541 516 Peerlkampio
1575 450 1869 514 abjectlsj'his'
1899 450 2078 500 duobus
2107 445 2347 512 *versiculis
2375 454 2602 502 removet-t

260 516 471 570 debebat.
540 524 650 568 Non
685 526 809 564 enim
844 520 1000 577 video,
1037 518 1265 578 quomodo
1299 524 1355 564 iis
1400 533 1549 565 carere
1564 536 1569 539 ·
1584 519 1820 580 possimus.
1890 505 2113 578 musar-ie
2134 526 2237 567 irae
2282 526 2409 567 causa
2455 533 2601 569 metus

259 583 354 641 ‘esis‘
370 591 428 639 de
474 590 772 650 Carthagine,
823 585 1017 632 secunda
1062 603 1176 646 quae
1221 588 1470 633 necessario
1514 581 1697 631 additur
1742 588 1903 648 ingens
1947 584 2130 644 odium‘,
2177 603 2268 650 quo
2301 586 2395 635 dea‘
2417 591 2509 649 jam
2542 601 2603 636 ex

259 647 454 720 ffir'o'j'ani
505 655 611 701 belli
657 664 858 716 tempore
902 657 952 699 in
995 669 1152 700 omnes
1186 656 1388 700 Teucros
1431 649 1665 716 flagrabat.
1751 651 1880 715 Quae
1924 654 2125 715 reliquae
2166 653 2283 701 sunt·
2322 666 2368 702 et
2411 656 2602 703 minoris

258 717 481 772 {nomenti
515 731 624 768 sunt
657 731 704 768 et
737 725 1038 781 antiquiores,
1074 721 1289 781 deamque
1323 721 1415 779 jam
1450 716 1564 766 olim
1596 718 1811 780 Troianis
1846 719 2068 775 infestam‘
2098 704 2414 779 reddiderant(
2451 727 2602 782 Quare

258 784 355 849 hon
398 795 496 839 sine
540 799 634 834 arte
674 806 700 833 a
733 785 945 849 Vergilio
980 792 1241 831 institutum
1286 795 1375 842 est,
1420 796 1472 831 ut
1505 788 1590 833 hae
1624 802 1649 830 a
1685 789 1971 847 gravioribus
2005 784 2175 834 'mutata
2211 788 2454 836 verborum
2478 796 2602 837 'con-

258 857 497 930 junctione
540 860 899 916 sejungerentur.
967 855 1056 899 Sed
1100 855 1184 897 alia
1229 871 1407 914 quoque
1452 854 1507 900 P.
1553 854 1719 915 culpat.
1755 905 1758 909 Δ
1790 852 1856 899 Id
1882 863 2091 901 metuens
2134 852 2199 902 ait
2241 850 2300 902 ad
2334 861 2603 904 sententiam

260 917 354 973 zion
401 928 702 971 necessarium
748 939 863 975 esse,
907 926 1119 982 quoniam
1164 930 1312 966 metus
1347 923 1541 967 Iunonis
1584 936 1609 966 e
1654 923 1804 967 verbis
1840 921 1926 967 sed
1957 922 2079 967 enim
2114 920 2331 984 aufferat
2348 933 2451 970 cet.
2495 923 2601 969 sans

260 1009 285 1054 a
320 983 483 1055 pareat.
553 989 617 1037 Et
651 992 788 1037 simili
823 990 959 1035 modo
996 989 1231 1051 permultis
1267 989 1365 1034 aliis
1399 990 1510 1035 locis
1545 990 1778 1037 damnavit
1810 999 1888 1035 aut
1922 997 2125 1037 correxit
2160 997 2272 1052 quae
2318 993 2375 1037 ad
2422 1000 2602 1037 senten·

260 1067 372 1123 tiam
406 1078 502 1106 non
538 1076 722 1122 prorsus
757 1063 998 1103 necessaria
1034 1072 1125 1101 esse
1163 1059 1435 1102 viderentur.
1511 1059 1647 1114 Quod
1683 1063 1721 1103 si
1756 1068 2014 1103 constanter
2048 1059 2193 1105 facere
2216 1061 2465 1116 'voluisset,
2511 1068 2603 1104 tam

258 1125 662 1190 inulta'praeterea
699 1124 755 1170 ab
790 1141 843 1168 eo
878 1124 1092 1169 mutanda
1128 1133 1173 1167 et
1208 1124 1396 1169 delenda
1430 1124 1639 1183 fuissent,
1674 1134 1727 1169 ut
1744 1125 2006 1187 Vergilium
2042 1131 2124 1173 vix
2158 1130 2349 1189 amplius
2384 1128 2603 1188 agnosce-

257 1202 426 1241 remus.
499 1198 569 1242 At
604 1194 710 1237 haec
744 1209 839 1237 non
874 1200 942 1236 est
975 1195 1125 1251 epicae
1160 1195 1306 1252 poesis
1342 1196 1476 1249 ratio,
1512 1200 1564 1236 ut
1601 1207 1907 1253 quaecumque
1943 1199 2125 1255 propria
2160 1199 2434 1254 cogitatione
2481 1208 2600 1239 asse-

259 1269 341 1325 qui
375 1271 618 1325 possimuS‚
663 1278 712 1305 ea
757 1276 932 1321 semper
976 1264 1069 1304 sint
1111 1260 1373 1328 omittenda.
1443 1260 1628 1306 Etenim
1672 1261 1774 1306 talis
1809 1269 1938 1323 poeta
1977 1269 2117 1322 quum
2153 1267 2376 1326 narrantis
2411 1265 2603 1325 speciem

257 1341 368 1393 prae
401 1348 446 1376 se
480 1329 609 1382 ferat,
645 1344 717 1374 res
752 1335 884 1387 atque
918 1328 1126 1372 homines
1162 1341 1408 1385 eorumque
1444 1332 1643 1372 actiones
1678 1332 1754 1372 ita
1775 1327 2022 1389 depingere
2056 1328 2214 1385 dehet,
2250 1338 2302 1373 ut
2337 1338 2383 1375 et
2416 1340 2601 1374 naturae

258 1412 391 1460 quam
437 1402 636 1442 maxime
680 1404 975 1438 consentanea
1018 1409 1110 1438 esse
1145 1395 1385 1437 videantur
1426 1402 1472 1436 et
1508 1395 1752 1453 perfectam
1788 1404 1922 1453 atque
1957 1395 2206 1439 absolutam
2242 1410 2394 1449 rerum
2429 1401 2601 1457 imagi-

257 1468 367 1511 nem
400 1467 530 1510 nobis
565 1472 668 1507 ante
703 1464 855 1507 oculos
890 1471 1074 1522 ponant.
1146 1460 1283 1517 Quod
1319 1478 1409 1520 quo
1443 1466 1587 1521 magis
1622 1462 1698 1506 ille
1744 1468 1968 1506 assecutus
2001 1460 2164 1518 fuerit,
2208 1477 2261 1508 eo
2306 1465 2475 1523 majore
2520 1477 2601 1509 nos

257 1536 309 1577 in
344 1534 542 1576 carmine
576 1530 770 1588 legendo
805 1531 1034 1588 voluptate
1068 1529 1296 1583 f1·uimur;
1332 1531 1464 1572 sicuti
1505 1530 1640 1589 probi
1675 1529 1858 1572 artificis
1893 1533 2117 1588 picturam
2153 1531 2364 1575 omnibus
2398 1530 2601 1592 partibus

256 1599 509 1644 absolutam
545 1601 722 1654 suisque
758 1596 984 1638 coloribus
1019 1597 1150 1655 plene
1181 1594 1498 1655 splendentem
1534 1597 1703 1651 majore
1738 1610 1841 1638 cum
1878 1596 2178 1640 delectatione
2212 1597 2440 1657 adspicere
2477 1599 2599 1641 sole-

257 1665 387 1720 inns,
441 1681 575 1724 quam
611 1664 739 1719 cujus
773 1668 986 1707 externae
1023 1671 1201 1707 tantum
1235 1660 1406 1707 formae
1441 1677 1491 1706 ac
1521 1662 1664 1707 lineae
1700 1663 1946 1723 descriptae
1994 1666 2111 1718 sint,
2158 1672 2210 1708 ut
2244 1672 2395 1709 tamen
2431 1665 2601 1725 reliqua

257 1730 380 1778 facili
423 1735 696 1794 cogitatione
731 1729 895 1775 addere
931 1743 1079 1788 queas.
1150 1728 1454 1787 Subjunctum
1490 1732 1632 1790 igitur
1675 1728 1727 1772 id
1770 1738 1978 1773 metuens
2020 1734 2086 1772 rei
2123 1730 2471 1790 descriptionem
2517 1733 2601 1774 ab-

257 1794 396 1845 solvit
441 1808 493 1844 ut
538 1799 655 1843 infra
704 1814 744 1841 v.
793 1798 853 1843 61
907 1798 1001 1840 Sed
1035 1806 1177 1859 pater
1222 1797 1508 1858 omnipotens
1554 1796 1782 1857 speluncis
1828 1796 2012 1841 abdidit
2057 1799 2176 1842 atris
2203 1797 2331 1842 ΙἨοσ
2377 1808 2598 1844 metuens.

258 1868 430 1913 Prima
464 1882 641 1926 quoque
657 1865 973 1925 Peerlkampio
1007 1866 1252 1925 displicuit,
1289 1881 1428 1922 quum
1465 1874 1584 1909 recte
1621 1866 1916 1910 intellexisset
1951 1881 2042 1910 non
2081 1881 2206 1926 posse
2223 1866 2310 1911 hoc
2346 1867 2600 1928 significare

252 1934 388 1998 prius
421 1939 515 1979 sive
551 1942 674 1985 ante,
710 1941 788 1975 aut
822 1937 859 1976 si
896 1941 1043 1992 posset
1072 1947 1253 1992 prorsus
1289 1934 1554 1992 languidum
1591 1931 1703 1976 fore.
1736 1932 1801 1975 Et
1835 1933 2290 1993 mirol-VVa'gnerum
2327 1934 2444 1978 hanc
2480 1937 2600 1978 vocis

258 2002 633 2063 significationem
670 2000 893 2059 probasse,
927 2007 980 2043 ut
1014 2000 1123 2044 adeo
1161 2001 1344 2054 Quaest.
1384 2000 1464 2053 28,
1502 2000 1547 2053 3,
1583 2015 1622 2042 c.
1660 2007 1889 2057 tamquam
1926 2000 2071 2044 simile
2106 2002 2365 2062 exemplum
2398 2002 2601 2045 attulerit

260 2064 472 2125 6‚‘'153;
516 2071 689 2112 etiamsi
727 2082 783 2110 ea
809 2067 971 2127 prima
1000 2066 1190 2126 piacula
1226 2074 1361 2109 sunto
1397 2068 1462 2109 ibi
1498 2082 1591 2110 non
1627 2070 1708 2109 sit:
1754 2067 1926 2125 piacula
1961 2074 2095 2110 sunto
2131 2072 2395 2127 priusquam
2430 2071 2484 2113 ad
2522 2072 2599 2112 in-

255 2134 376 2181 feros
424 2137 690 2187 descendas,
741 2145 793 2179 ut
829 2134 1008 2193 Wagn.
1045 2136 1298 2188 existimat,
1345 2134 1421 2177 sed
1456 2137 1606 2195 potius
1641 2131 1695 2176 ad
1731 2134 1919 2178 alterum
1957 2135 2128 2179 donu'm
2165 2139 2496 2195 expiatorium,
2542 2135 2599 2179 ad

254 2220 434 2249 ramum
479 2219 664 2248 aureum
708 2209 892 2263 spectet.
964 2203 1135 2247 Nostro
1178 2202 1278 2245 loco
1324 2203 1415 2260 jam
1459 2204 1642 2245 Servius
1688 2215 1843 2245 verum
1892 2203 2031 2257 vidit,
2077 2207 2150 2246 cui
2181 2203 2339 2263 prima
2375 2204 2599 2263 significat

248 2263 524 2333 princi‘pem.
596 2271 717 2314 Juno
752 2275 891 2325 enim,
928 2271 1046 2328 quod
1083 2284 1142 2312 ex
1177 2270 1383 2312 Homero
1419 2274 1524 2312 satis
1559 2277 1755 2322 constat,
1791 2273 1999 2329 princeps
2037 2270 2134 2313 dux
2181 2279 2226 2313 et
2260 2275 2597 2330 propugnatrix

257 2342 463 2383 omnium
499 2337 688 2382 deorum
723 2336 868 2380 fuerat
903 2340 980 2395 qui
1015 2344 1171 2381 contra
1207 2329 1434 2392 Troianos
1470 2344 1706 2389 steterunt,
1754 2343 1887 2393 atque
1923 2336 2045 2382 hunc
2081 2337 2384 2398 significatum
2415 2337 2598 2398 primus

255 2422 353 2451 non
395 2414 496 2449 raro
538 2406 715 2450 obtinet
750 2406 888 2449 veluti
938 2405 996 2458 2,
1041 2404 1141 2450 612
1176 2402 1251 2446 hic
1286 2401 1407 2446 Jcmo
1446 2402 1617 2446 Scaeas
1652 2402 1925 2447 saevissima
1953 2407 2120 2464 portas
2160 2403 2325 2449 Prima
2360 2413 2507 2460 tenet3
2545 2404 2594 2462 6,

259 2472 359 2520 183
398 2473 503 2518 Nec
537 2489 630 2516 non
662 2471 848 2517 Aeneas
883 2487 1026 2536 opera
1059 2471 1182 2514 inter
1216 2470 1334 2515 talia
1361 2471 1546 2531 primus
1563 2470 1803 2515 Hortatur
1838 2471 1989 2515 socios
2015 2470 2300 2533 paribusque
2334 2473 2597 2532 accingitur

258 2540 428 2585 armis.'
487 2541 560 2586 Cf.
596 2542 735 2584 Lucr.
776 2542 820 2593 1,
856 2540 919 2585 87
960 2539 1195 2582 Ductores
1233 2538 1461 2582 Danaum
1495 2539 1673 2593 delecti,
1704 2538 1862 2599 prima
1907 2539 2128 2584 virorum.
2172 2542 2416 2586 Neminem
2451 2539 2597 2600 fugiet

252 2607 410 2670 prima
453 2611 636 2668 egregie
678 2611 740 2649 ita
782 2605 925 2649 facere
960 2607 1017 2649 ad
1060 2611 1151 2648 irae
1195 2610 1428 2650 notionem
1478 2607 1742 2664 augendam.
1814 2605 1969 2649 Aliter
2004 2607 2187 2666 quidem
2222 2607 2355 2652 Jahn.
2391 2612 2443 2652 in
2479 2622 2594 2654 cenS.

256 2674 340 2736 ubi
374 2675 541 2719 reddit:
576 2690 669 2718 von
701 2690 818 2717 vorn
851 2674 1025 2729 herein,
1061 2672 1126 2715 im
1160 2682 1313 2717 ersten
1346 2672 1546 2732 Regina,
1580 2672 1688 2716 haec
1725 2679 1948 2732 praeterea
1984 2673 2204 2719 addens:'
2232 2673 2461 2718 Saturnia-
2491 2690 2594 2720 war

255 2735 509 2819 ⁸'einffedank
543 2743 626 2787 des
661 2742 806 2786 sehon
838 2740 1238 2800 langwiilzrenden
1273 2740 1369 2784 und
1403 2739 1570 2786 ber-eles
1607 2740 1676 2784 alt
1702 2739 2017 2799 gewordenen
2051 2739 2266 2801 Krieges‚
2302 2740 2467 2786 descen
2491 2741 2593 2787 An-

243 2807 378 2869 fang
412 2807 486 2854 bei
523 2809 665 2874 Troja
698 2809 981 2870 eingetreten
1014 2825 1118 2854 war
1151 2808 1250 2853 und
1281 2808 1363 2854 der
1381 2810 1509 2871 jetzt
1542 2808 1707 2853 immet·
1750 2808 1868 2852 noch
1889 2805 2130 2870 fbrtging.
2202 2811 2329 2865 Quae
2363 2813 2588 2872 interpre-

255 2881 371 2923 tatio
403 2884 457 2921 ut
490 2876 595 2922 ferri
630 2882 772 2940 possit
806 2878 892 2922 hoc
927 2885 1047 2922 certe
1082 2877 1371 2922 incommodo
1406 2878 1599 2931 laborat,
1648 2875 1770 2934 qnod
1813 2877 1920 2921 belli
1964 2882 2201 2921 etiamtum
2237 2876 2448 2921 durantis
2471 2879 2592 2922 Iuno

254 2949 435 2990 memor
479 2960 569 2989 esse
612 2948 701 2990 dici
748 2951 828 2991 vix
871 2950 1034 3008 potuit.
1105 2947 1207 3005 Ego
1250 2954 1382 2989 vetus
1426 2943 1547 2988 illud
1576 2942 1740 2989 bellum
1776 2945 1830 2990 de
1883 2961 1976 2989 uno
2011 2945 2130 2988 bello
2166 2943 2368 3001 Trojano
2403 2948 2590 3007 accipio,

258 3014 348 3075 quo
380 3013 516 3058 finito
551 3007 671 3058 alind
704 3011 908 3059 secutum
941 3021 1009 3057 est
1043 3012 1442 3059 contra‘Aeneam
1478 3028 1581 3057 cum
1614 3016 1758 3057 sociis.
1832 3013 1904 3058 De
1948 3027 2067 3058 novo
2102 3011 2189 3056 hoc
2223 3012 2340 3058 bello
2375 3016 2469 3074 ipsa
2505 3012 2590 3058 Sa-

259 3085 436 3126 turnia:
1750 3087 1752 3090 ’
1878 3092 1882 3096 “

448 3143 548 3196 ’47.
583 3165 681 3194 una
715 3166 817 3195 cum
843 3158 988 3211 gente
1023 3156 1093 3196 tot
1128 3155 1272 3195 ann‘os
1293 3142 1430 3194 Bella
1456 3163 1589 3218 ὄνον-οἳ
1624 3149 1705 3194 ubi
1742 3154 1820 3210 qui
1855 3163 1952 3193 una
1987 3163 2091 3193 cum
2118 3157 2261 3208 gente
2294 3151 2348 3196 de
2384 3155 2590 3197 universa
