2863 3690
238 382 419 441 kampio
453 383 618 439 spuriis
652 378 1289 434 adnumerati.„,Quisenim,¹
1312 383 1480 440 inquit,
1519 374 1743 438 intelligat
1775 381 1889 423 dam
1921 378 2116 424 umbrae
2142 381 2374 426 montibus
2393 382 2571 427 &utrm

240 447 353 492 hunt
385 447 652 492 convecti-2²⁴⁸
687 473 691 477 ·
720 444 846 505 Ergo
880 446 955 489 ille
991 459 1084 490 non
1120 446 1234 490 vidit
1267 462 1450 506 magnas
1491 449 1716 490 montium
1751 446 1932 491 umbras
1968 452 2130 492 sensim
2165 453 2214 493 in
2249 450 2438 495 vallibus
2471 454 2568 497 sive

241 519 454 559 convexis
488 507 727 558 montium'
748 514 962 572 progredi
997 523 1160 575 easque
1195 522 1310 558 totas
1344 527 1620 570 percurrere.
1690 517 1849 559 Minus
1885 521 2005 556 recte
2040 515 2208 557 dicitur
2245 517 2327 559 hoc
2362 518 2417 560 de
2453 533 2575 561 uni-⁸

239 583 334 625 bris
368 583 595 634 silvarum,
630 592 739 637 quas
773 581 928 640 Heyn.
960 578 1199 624 intellexit.
1267 581 1383 624 Illud
1419 581 1469 625 P.
1504 580 1644 640 probe
1679 585 1830 633 sensit,
1866 585 2004 623 totius
2037 583 2125 625 loci
2160 587 2427 627 sententiam
2460 596 2567 642 per-

238 664 411 694 versam
446 647 557 701 fore‚
592 652 628 692 si
664 645 992 704 interpreteris:
1040 648 1255 707 quamdiu
1288 649 1362 692 hic
1397 649 1593 692 mundus
1627 647 1786 701 stabit,
1836 648 1986 692 laudes
2020 658 2121 692 tuae
2156 650 2405 694 manebunt
2438 653 2566 710 apud

238 731 324 770 me,
372 728 655 772 quocumque
697 712 889 760 veniam.
959 716 1048 759 Sed
1091 719 1322 759 notionem
1366 715 1494 774 apud
1537 727 1610 757 me
1654 724 1827 771 praeter
1868 719 2174 759 necessitatem
2223 718 2391 760 intulit.
2463 719 2564 763 Nec

238 786 388 829 verior
421 791 488 827 est
524 783 755 843 VVagneri
788 782 1050 840 explicatio:
1102 788 1183 841 „in
1218 787 1274 827 iis
1308 788 1440 829 terris
1475 787 1525 828 in
1560 782 1723 842 quibus
1759 783 2026 840 comedero,
2072 792 2124 828 ut
2160 789 2368 842 perennis
2401 790 2461 831 sit
2495 790 2566 831 tui

240 850 443 895 beneficii
477 854 692 894 memoria
725 850 913 893 efficiam
926 854 971 904 3“
1020 856 1193 894 etiamsi
1228 851 1362 893 verba
1397 864 1477 907 per
1512 866 1557 893 se
1592 859 1785 907 spectata
1821 866 1919 893 eam
1954 852 2205 895 admittant.
2277 852 2349 896 At
2381 857 2563 911 magui-

237 920 344 961 ficae
382 918 721 972 praedicationis
757 917 884 959 valde
920 918 1079 960 debilis
1114 921 1262 959 exitus
1298 916 1440 971 soret,
1483 922 1521 958 si
1565 918 1688 958 locus
1731 918 1811 958 ubi
1858 922 2075 959 memoria
2109 918 2214 960 facti
2251 923 2311 960 sit
2352 934 2564 961 mansura.

237 988 368 1030 certis
403 982 568 1029 finibus
603 984 1071 1039 circumscriberetur3
1116 1000 1253 1040 quare
1287 985 1401 1028 illud
1439 989 1586 1041 potius
1622 985 1799 1028 Aeneas
1835 988 1984 1028 dicere
2028 988 2229 1028 videtur:
2274 988 2394 1029 nihil
2426 987 2563 1030 refert

238 1065 521 1113 quocumque
557 1060 793 1096 terrarum=
813 1052 980 1112 abigar,
1017 1054 1171 1110 quavis
1214 1050 1472 1097 conditione
1522 1066 1688 1096 nomen
1735 1059 1866 1097 tuum
1908 1052 2148 1109 laudesque
2192 1061 2367 1098 aeterna
2401 1069 2563 1098 mane⁴

241 1124 373 1164 bunt.
408 1121 511 1163 Hoc
546 1121 767 1163 rhetorice
803 1124 943 1178 magis
980 1133 1115 1177 quam
1147 1133 1252 1163 vere
1287 1124 1551 1163 nunciatum
1585 1133 1677 1162 esse
1712 1120 1907 1163 libenter
1941 1119 2253 1175 concedamus,
2289 1120 2365 1163 sed
2389 1121 2565 1181 plerae-

237 1204 324 1246 que
359 1188 477 1242 apud
512 1186 768 1244 Vergilium
803 1192 1025 1229 orationes
1060 1189 1145 1229 hoc
1183 1191 1293 1229 vitio
1327 1188 1546 1229 laborant.

444 1253 541 1298 613
577 1269 643 1310 sq.
689 1250 936 1312 Obstupuit
960 1254 1116 1312 primo
1152 1254 1375 1312 adspectu
1414 1278 1475 1287 -
1510 1262 1555 1296 et
1590 1254 1656 1295 sic
1691 1270 1770 1296 ore
1804 1255 1960 1296 locuta
1995 1264 2079 1297 est.
2137 1255 2204 1297 Ut
2238 1257 2482 1313 elegantius
2508 1258 2563 1299 P.

236 1321 427 1366 mavult:
465 1319 700 1380 obstupuit
729 1320 935 1380 primum
968 1321 1190 1380 adspecta
1226 1345 1291 1353 -—
1326 1336 1440 1363 casu
1473 1319 1638 1364 deinde
1670 1321 1783 1374 viri,
1832 1321 2021 1364 tandem
2065 1322 2131 1364 sic
2177 1337 2255 1366 ore
2287 1323 2445 1366 locuta
2477 1330 2562 1367 eat.

235 1390 297 1434 Et
328 1388 534 1446 primum
569 1388 752 1446 quidem
787 1389 877 1445 jam
915 1388 1070 1432 Heins.
1144 1389 1278 1432 Poeta
1324 1396 1473 1431 tamen
1518 1404 1609 1431 non
1655 1392 1749 1431 siue
1797 1392 1970 1431 ratione
2002 1388 2155 1445 primo
2191 1389 2415 1447 adspectu
2448 1394 2563 1433 scri-

236 1461 339 1515 psit,
376 1461 589 1513 quoniam
623 1470 716 1499 non
751 1451 843 1498 tam
879 1460 928 1498 in
964 1457 1172 1516 adspectu
1207 1460 1305 1513 ipso
1340 1464 1436 1498 erat
1469 1471 1551 1498 cur
1586 1456 1930 1513 obstupesceret,
1968 1471 2104 1517 quam
2141 1461 2189 1500 in
2209 1462 2354 1516 primo
2382 1466 2563 1515 tamque

236 1526 385 1568 subito
420 1525 647 1583 adspectu.

444 1590 558 1634 636.
598 1594 805 1633 Munera
846 1591 1160 1649 laetitiamque
1203 1591 1281 1634 dii.
1351 1591 1403 1633 P.
1440 1599 1492 1632 ut
1539 1590 1803 1646 plerumque
1837 1594 2030 1648 impiger
2076 1595 2125 1633 in
2160 1592 2451 1647 conjectando
2485 1591 2563 1633 hic

237 1672 416 1717 quoque
452 1657 690 1701 lectionem
726 1657 812 1701 sibi
848 1661 1046 1711 invenit,
1098 1670 1232 1715 quam
1267 1666 1314 1701 ct
1348 1655 1632 1700 difficultates
1666 1671 1892 1700 removere
1928 1665 1973 1700 et
2007 1662 2111 1701 satis
2148 1658 2437 1702 verisimilem
2470 1673 2563 1701 esse

236 1726 399 1770 credit:
438 1723 730 1784 Muneraque
765 1725 1037 1784 laticemque
1064 1724 1229 1785 Lyaei,
1264 1733 1316 1769 ut
1350 1738 1544 1767 munera
1577 1732 1654 1768 aut
1688 1724 1770 1768 alia
1807 1725 1921 1768 dona
1959 1739 2001 1768 v.
2040 1740 2078 1768 c.
2116 1732 2257 1770 vestes
2292 1725 2560 1784 significent,

235 1803 312 1836 aut
356 1806 639 1849 muneraque
680 1792 955 1849 laticemque
999 1794 1229 1844 „-laticem,
1276 1807 1389 1848 quae
1435 1799 1543 1833 sunt
1585 1806 1771 1834 munera
1806 1793 1994 1849 Lyaei.“
2064 1794 2135 1835 De
2172 1805 2257 1846 qua
2300 1793 2559 1849 conjectura

234 1861 348 1903 nihil
384 1859 557 1901 addam.
593 1857 646 1901 In
680 1859 871 1902 lectione
906 1873 1102 1901 munera
1137 1858 1458 1917 laetitiamque
1492 1856 1562 1900 dii
1592 1866 1725 1916 negat
1760 1872 1952 1900 munera
1986 1859 2039 1901 ad
2075 1859 2380 1902 antecedentia
2400 1858 2560 1902 referri

234 1942 383 1988 posse,
431 1929 644 1982 quoniam
691 1940 771 1983 per
815 1941 860 1969 se
906 1927 1207 1986 intelligatur,
1253 1934 1404 1970 tauros
1450 1940 1548 1969 sues
1594 1940 1732 1985 agnos
1768 1927 1886 1969 dono
1931 1930 2081 1981 mitti,-
2130 1927 2184 1970 de
2219 1926 2315 1969 aliis
2349 1927 2483 1971 rebus
2517 1929 2558 1970 si

234 1999 478 2053 accipiatur
514 2009 556 2037 v.
594 2010 632 2036 c.
683 1995 905 2045 vestibus,
953 1995 1159 2050 copulam
1205 1999 1390 2049 requiri.
1461 1994 1668 2051 Apparet
1712 2002 1861 2036 autem
1905 1998 2150 2037 arctissime
2194 1994 2422 2051 jungenda
2465 2008 2559 2037 esse

234 2075 431 2106 munera
465 2060 788 2120 laetitiamque
822 2059 910 2114 dii,
957 2060 1077 2118 quod
1113 2075 1295 2119 prorsus
1331 2069 1432 2117 apte
1467 2060 1692 2116 prioribus
1728 2065 1993 2117 apponitur,
2039 2061 2173 2104 modo
2208 2060 2262 2102 ad
2300 2064 2392 2104 vim
2421 2076 2562 2105 voca-

232 2130 329 2173 buli
366 2128 435 2172 dii
466 2137 588 2171 recte
623 2128 838 2172 attendas.
891 2131 1011 2174 Nam
1046 2128 1169 2172 Dido
1204 2126 1302 2172 illas
1337 2129 1527 2185 pecudes
1562 2143 1656 2171 non
1691 2132 1828 2180 misit,
1864 2136 1916 2171 ut
1950 2130 2212 2187 simpliciter
2246 2128 2368 2172 dono
2401 2138 2560 2183 essent,

234 2198 311 2240 sed
348 2204 577 2253 tamquam
611 2195 853 2238 laetificum
888 2196 1057 2239 donum
1092 2195 1194 2238 testi
1229 2195 1349 2239 illius
1386 2196 1490 2239 diei.

442 2260 539 2306 674
577 2276 643 2318 sq.
688 2277 747 2304 ne
790 2276 877 2321 quo
926 2278 975 2305 se
1019 2262 1203 2305 numine
1248 2271 1393 2305 mutet
1426 2287 1493 2296 —
1527 2277 1705 2305 mecum
1739 2270 1955 2305 teneatur
1989 2277 2161 2306 amore.
2231 2264 2373 2306 Servii
2409 2266 2559 2306 inter—

235 2335 532 2388 pretationem
570 2345 804 2383 „mecum,
841 2345 923 2387 per
955 2346 1078 2374 meos
1113 2345 1307 2384 amoreS,
1344 2345 1415 2373 me
1451 2330 1711 2373 adnitente“
1747 2347 1840 2373 non
1874 2330 2102 2373 ferendam
2138 2345 2252 2382 esse,
2287 2338 2331 2372 et
2364 2332 2560 2374 multum

235 2397 415 2441 differre
465 2398 585 2454 quod
631 2405 1002 2454 comparaverunt
1046 2412 1224 2440 mecum
1269 2398 1356 2440 erit
1390 2397 1478 2441 iste
1511 2395 1659 2451 labor,
1706 2399 1756 2442 P.
1791 2405 1910 2440 recte
1947 2398 2185 2441 intellexit.
2256 2398 2406 2452 Quam
2440 2397 2562 2442 idem

234 2465 421 2522 Heynio
457 2464 640 2507 tribuit:
685 2472 804 2507 amet
838 2464 960 2507 Dido
996 2465 1201 2508 Aeneam
1235 2464 1377 2507 sicuti
1408 2481 1493 2522 ego
1528 2479 1663 2516 amo,
1698 2472 1826 2507 tueor
1862 2472 2089 2520 tamquam
2122 2473 2289 2516 mater,
2327 2472 2559 2522 propterea

234 2531 538 2589 reprehendit,
575 2535 788 2589 quoniam
825 2547 950 2575 amor
982 2540 1209 2575 maternus
1243 2533 1377 2591 longe
1411 2533 1523 2575 alius
1558 2535 1640 2585 sit,
1675 2539 1809 2589 atque
1845 2536 1882 2574 is
1918 2545 2007 2588 quo
2045 2531 2225 2589 Cupido
2258 2530 2446 2575 feminas
2479 2535 2559 2575 in-

235 2601 423 2642 cendere
441 2599 590 2641 soleat.
630 2598 870 2658 At'Heyn.
890 2600 975 2643 hoc
994 2615 1085 2642 non
1103 2599 1236 2652 dixit,
1271 2600 1350 2643 sed
1385 2608 1534 2642 caute:
1572 2607 1720 2652 „amet
1733 2599 1856 2642 Dido
1893 2600 2111 2652 Aeneam,
2146 2614 2278 2659 quem
2311 2613 2396 2656 ego
2429 2609 2558 2653 amo,

235 2674 366 2711 tueor
400 2675 626 2722 tamquam
663 2671 847 2711 mutel-‚⁶⁶
897 2666 1087 2711 Mecum
1122 2670 1264 2723 igitur
1298 2684 1390 2710 non
1425 2675 1513 2709 est:
1551 2670 1683 2709 sicuti
1719 2681 1817 2723 ego,
1857 2671 2024 2725 pariter
2058 2674 2191 2722 atque
2225 2681 2321 2723 ego,
2357 2666 2439 2709 sed
2473 2676 2556 2722 po·-

235 2737 324 2777 tius
360 2732 497 2776 simul
528 2742 705 2776 mecum
738 2746 902 2792 magno
937 2733 1120 2778 Aeneae
1155 2749 1304 2778 amore
1338 2741 1555 2779 teneatur.
1625 2732 1867 2778 Diversum
1911 2732 2089 2777 amandi
2129 2747 2269 2791 genus
2311 2732 2555 2792 significari

238 2802 451 2858 intelligit
485 2805 636 2843 statim
671 2804 944 2856 quicumque
980 2802 1206 2844 Venerem
1242 2806 1323 2845 scit
1358 2810 1546 2844 matrem
1582 2801 1764 2844 Aeneae
1798 2815 1904 2842 esse.
1974 2802 2071 2844 Nec
2119 2803 2359 2856 quisquam
2400 2813 2554 2859 repre-

233 2868 404 2913 hendet
438 2876 627 2912 matrem
659 2882 818 2925 pueros
853 2867 1132 2912 hortantem:
1171 2874 1296 2926 pueri
1332 2884 1506 2913 mecum
1542 2876 1684 2910 amate
1719 2876 1948 2922 parentem
1985 2875 2198 2910 vestrum.
2265 2867 2320 2911 P.
2356 2872 2551 2924 scripsit:

238 2935 332 2979 Sed
362 2949 537 2993 magno
573 2933 762 2980 Aeneae
794 2942 991 2978 mentem
1023 2933 1302 2980 incendatur
1331 2948 1504 2988 amore,
1538 2934 1651 2978 fflud
1686 2946 1864 2991 quoque
1899 2933 2147 2993 negligens,
2181 2949 2240 2978 ne
2274 2948 2362 2994 quo
2397 2950 2446 2979 ee
2467 2949 2552 2978 nu·

236 3004 358 3048 mine
391 3010 537 3045 mutet
568 3012 616 3047 et
649 3013 826 3046 mecum
850 3007 978 3047 inter
1012 3017 1057 3044 se
1091 3009 1275 3060 opponi.
2266 3029 2270 3034 ·

443 3070 538 3115 701
579 3085 643 3129 sq.
689 3070 828 3115 Dant
847 3068 1032 3130 famuli
1062 3069 1277 3114 manibus
1319 3070 1536 3130 lymphae
1571 3095 1636 3102 —
1672 3069 1900 3113 mantelia
1932 3042 2068 3113 villis.
2139 3069 2193 3113 P.
2240 3071 2314 3114 hic
2356 3068 2551 3114 difficilis

236 3149 281 3183 et
315 3142 480 3182 morosi
515 3138 675 3193 judicii
709 3142 886 3199 insigne
920 3139 1237 3182 documentum
1274 3139 1492 3196 piaebuit.
1542 3138 1699 3193 „Duos
1737 3151 1897 3192 versus,
1932 3140 2100 3229 ἰῐιὲιιὶῒ,
2135 3136 2274 3181 babeo
2307 3143 2552 3194 suspectos.

1942 3208 1973 3249 4
