2863 3690
249 211 317 267 21⁶

251 344 310 391 ab
345 358 395 388 ea
431 350 555 401 parte
592 340 671 385 ubi
706 341 851 398 jaceat
882 340 1062 386 testudo
1095 340 1269 398 templi.
1341 341 1466 396 Quae
1503 343 1694 402 quisque
1737 341 1879 385 otiosa
1923 353 2014 384 esse
2050 339 2200 396 videt,
2248 353 2390 403 quum
2427 356 2508 400 per
2540 359 2587 390 se

252 412 547 469 intelligatur,
581 424 682 453 eam
715 408 889 453 foribus
925 409 1154 452 sedentem
1193 413 1307 452 viam
1345 424 1439 452 uon
1473 416 1599 467 tergo
1635 415 1863 465 spectasse.
1901 408 2024 456 Mihi
2059 411 2249 463 omnino
2282 424 2378 453 non
2408 410 2588 463 videtur

252 477 538 537 jungendum
585 477 741 520 media
788 475 1019 520 testudine
1052 474 1213 534 templi
1243 475 1436 529 resedit,
1483 476 1560 521 sed
1608 483 1824 519 commate
1860 474 2006 531 deleto
2027 473 2219 534 foribus
2254 476 2412 522 media
2445 485 2589 532 testu·

253 544 361 601 dine
403 544 567 604 templi
605 545 653 587 h.
688 558 727 587 e.
770 542 945 587 foribus
990 542 1136 585 media
1171 551 1300 602 parte
1344 542 1584 586 testudinis
1621 546 1831 587 immissis
1866 545 1958 585 sive
1992 545 2051 588 ad
2086 544 2279 588 mediam
2315 544 2590 595 testudinem

255 611 539 664 ducentibus,
575 618 628 655 ut
662 609 836 656 foribus
870 610 954 652 hoc
990 608 1125 652 modo
1161 623 1234 652 cer
1238 617 1306 652 tus
1341 609 1465 652 locus
1501 608 1777 667 designetur.

465 679 579 722 512.
613 678 887 737 penitusque
930 676 1053 720 alias
1097 683 1320 719 avexerat
1355 690 1478 718 oras.
1548 676 1742 719 Lachm.
1774 678 1833 721 ad
1868 679 2002 736 Prop.
2037 677 2093 732 4,
2139 678 2194 731 6,
2232 679 2296 723 63
2333 656 2589 722 advexerat

254 748 431 800 maluit,
468 745 606 807 idque
644 748 695 790 Ρ.
732 741 942 803 praefert,
978 748 1192 804 quoniam
1228 748 1266 786 si
1302 750 1524 795 avexerat
1558 743 1692 800 legas,
1727 749 1870 803 magis
1905 747 2166 790 viderentm
2192 760 2375 791 cursum
2392 762 2441 791 m
2458 746 2590 799 Afri·

256 831 355 858 cam
390 813 645 859 destinasse.
719 813 847 867 Quae
885 815 958 855 vis
986 815 1032 855 in
1069 811 1207 856 verbo
1243 815 1430 855 omnino
1477 828 1570 854 non
1606 813 1738 854 inest.
1807 811 2061 868 Avexerat,
2110 819 2279 873 cogita.
2324 814 2380 857 ab
2416 814 2589 860 Aenea.

467 880 580 925 518.
623 879 749 935 Quid
793 878 984 922 veniant
1026 877 1203 932 cuncti‚·
1246 893 1359 921 nam
1391 879 1500 922 lecti
1539 875 1733 921 navibus
1767 876 1912 923 ibant.
1980 882 2106 925 Huic
2142 880 2372 939 Wagneri
2407 881 2591 925 lectioni

257 928 311 993 P.
345 953 466 993 recte
500 947 718 1005 praetulit
752 952 875 990 vetei
876 958 948 991 em
966 946 1163 1007 Heyniiz
1200 945 1373 990 cunctis
1408 959 1520 990 nam
1553 943 1663 989 lecti
1690 943 1885 990 navibus
1919 943 2063 1002 ibant,
2099 960 2371 1010 quamquam
2405 947 2591 994 alteram

257 1031 354 1058 non
385 1019 490 1056 satis
526 1016 755 1058 retutavit.
826 1013 1004 1056 Aeneas
1040 1019 1152 1055 scire
1188 1014 1410 1071 cupiebat,
1445 1028 1537 1075 quo
1574 1014 1761 1054 consilio
1806 1019 2040 1071 venirent,
2085 1016 2199 1076 quid
2244 1017 2431 1069 vellent,
2476 1016 2592 1058 nihil

258 1083 312 1124 ad
356 1098 470 1135 rem,
516 1099 652 1138 quare
696 1081 852 1123 cuncti
895 1086 1086 1123 veniant.
1156 1082 1376 1123 Similiter
1420 1097 1532 1123 nam
1575 1079 1686 1122 lecti
1726 1075 1921 1123 navibus
1963 1080 2093 1125 ibant
2127 1098 2201 1124 cei
2204 1091 2249 1125 to
2295 1084 2482 1125 consilio
2516 1099 2591 1126 eos

256 1152 430 1194 venisse
466 1148 673 1201 affirmat,
708 1163 881 1191 causam
919 1147 977 1191 ob
1014 1161 1151 1208 quam
1187 1146 1343 1192 cuncti
1375 1151 1582 1193 venerint
1617 1163 1709 1191 non
1744 1152 1960 1193 continet.
2011 1149 2183 1194 Contra
2219 1154 2256 1194 si
2293 1148 2469 1194 cunctis
2503 1165 2592 1193 na-

255 1216 390 1262 vibus
423 1217 528 1260 lecti
563 1219 693 1260 ivisse
728 1214 969 1269 dicuntur,
1003 1230 1056 1258 eo
1093 1219 1275 1259 certiori
1312 1215 1583 1259 documento
1616 1223 1697 1266 est,
1732 1230 1825 1258 non
1861 1230 1963 1259 casu
1998 1215 2074 1260 sed
2093 1217 2283 1261 consilio
2306 1217 2405 1261 illos
2427 1216 2591 1272 adesse,

258 1283 431 1344 aliquid
467 1288 702 1339 petituros·

464 1350 579 1395 519.
625 1346 824 1393 Orantes
858 1350 1042 1393 veniam
1077 1358 1123 1394 et
1155 1350 1380 1407 templum
1413 1351 1615 1393 clamore
1643 1347 1875 1409 petebant.
1952 1346 2005 1396 P.
2041 1350 2194 1405 „Huic
2232 1355 2393 1406 versui,
2428 1354 2592 1409 inquit,

257 1420 429 1476 optime
464 1417 762 1474 subjiceretur
796 1418 871 1461 ille
906 1432 1039 1475 supra
1076 1423 1269 1476 positus:
1318 1417 1636 1461 Dissimulant
1671 1425 1716 1460 et
1749 1415 1867 1461 nube
1902 1433 2020 1461 cava
2053 1418 2352 1478 speculantur
2387 1419 2592 1464 amicti-‘⁶

258 1485 502 1529 Rationem
537 1500 631 1528 non
665 1484 807 1528 addit.

466 1550 582 1597 578.
620 1550 672 1594 Si
703 1550 865 1611 quibus
898 1553 1071 1612 ejectus
1107 1553 1235 1597 silvis
1270 1561 1353 1597 aut
1387 1551 1574 1597 urbibus
1609 1561 1750 1596 errat.
1818 1552 1858 1595 E
1894 1553 2124 1598 nonnullis
2159 1553 2288 1598 codd.
2334 1561 2436 1610 post
2471 1553 2592 1597 Bur-

255 1633 478 1664 mannum
513 1617 745 1661 montibus
780 1619 990 1678 praefert.
1052 1623 1204 1674 „Nam
1238 1619 1458 1679 naufragi,
1494 1623 1662 1681 inquit,
1698 1627 1850 1662 errant
1883 1623 1932 1662 in
1967 1621 2077 1663 locis
2112 1620 2238 1674 solis,
2272 1635 2362 1663 non
2400 1621 2510 1663 adeo
2543 1624 2594 1664 in

259 1683 466 1729 urbibus.
535 1685 727 1729 Montes
773 1694 819 1728 et
864 1687 1008 1730 silvae
1055 1688 1222 1730 habent
1264 1688 1433 1745 aliquid
1487 1688 1809 1743 proverbiale.“
1893 1685 2090 1730 Urbibus
2132 1688 2223 1743 jam
2269 1688 2425 1746 Heyn.
2471 1695 2592 1731 recte

259 1751 476 1801 defendit.
550 1751 622 1797 Cf.
659 1761 882 1810 praeterea
918 1752 965 1808 4,
1007 1755 1101 1799 173
1137 1754 1386 1813 Extemplo
1422 1752 1605 1813 Libyae
1639 1770 1840 1812 magnas
1873 1753 1911 1798 it
1931 1750 2079 1810 fama
2107 1769 2194 1812 per
2227 1751 2376 1804 urbes,

468 1819 566 1864 589
615 1834 684 1881 sq.
737 1834 935 1882 namque
983 1821 1090 1880 ipsa
1138 1821 1359 1864 decoram
1409 1819 1673 1864 Caesariem
1721 1845 1778 1853 —-
1826 1819 2033 1881 afflarat
2074 1820 2286 1864 honores.
2372 1820 2594 1881 Afflarat

256 1886 514 1932 caesariem
549 1886 767 1930 decoram
802 1889 854 1932 P.
890 1889 1136 1932 ridiculum
1171 1904 1262 1933 esse
1297 1892 1362 1932 ait
1397 1896 1647 1946 propterea,
1685 1888 1808 1964 quod
1844 1889 2023 1934 Aeneas
2058 1889 2232 1949 reliqua
2252 1904 2362 1948 quae
2390 1893 2431 1932 ei
2448 1889 2594 1933 afflari

256 1954 475 2000 dicuntur
510 1971 603 2000 non
639 1955 863 2011 habuerit,
899 1957 1153 2001 caesariem
1186 1958 1410 2002 habuerit.
1456 1959 1684 2015 Coriigit.
1719 1956 1826 2015 ipsa
1859 1957 2071 2001 decorem
2113 1954 2326 2000 Caesarii
2358 1965 2470 2001 nato
2506 1964 2590 2000 cet.

259 2021 349 2064 Sed
384 2025 472 2065 nisi
505 2022 636 2066 fallor
671 2024 792 2066 idem
828 2026 926 2068 vult
960 2025 1140 2082 vulgata
1175 2026 1323 2077 lectio,
1359 2037 1495 2084 quam
1531 2038 1664 2067 nemo
1689 2023 1890 2082 profecto
1908 2027 1969 2067 ita
1995 2024 2233 2082 intelliget,
2270 2027 2396 2081 quasi
2411 2024 2592 2069 Aeneas

259 2096 392 2133 antea
425 2087 564 2134 fuerit
599 2091 776 2144 calvus,
825 2095 958 2135 sicuti
1001 2106 1134 2136 nemo
1169 2092 1224 2135 de
1258 2091 1399 2135 Ulixe
1437 2094 1632 2149 putavit,
1678 2091 1758 2135 ubi
1803 2094 2014 2137 Minerva
2052 2090 2145 2135 od.
2185 2090 2229 2143 6,
2266 2091 2365 2137 230
2401 2084 2510 2137 κὰδ
2540 2083 2594 2137 δὲ

258 2152 490 2217 κάρητος
522 2151 678 2210 ου’λας
711 2146 801 2214 ἧκε
835 2155 1008 2217 κόμας
1040 2153 1332 2219 ὑακινθίνῳ
1363 2152 1521 2203 ἄνθει
1556 2153 1751 2217 ὁμοίας.
1821 2158 1976 2219 Itaque
2012 2174 2103 2201 non
2154 2162 2296 2216 ipsam
2342 2163 2591 2210 caesariem,

258 2222 337 2266 sed
371 2227 517 2281 magis
553 2224 761 2267 deceiam
796 2240 930 2286 quam
967 2234 1097 2269 antea
1130 2225 1316 2270 afflavit.

468 2288 583 2337 602.
616 2305 843 2349 magnum
876 2307 995 2352 quae
1028 2306 1201 2350 sparsa
1227 2308 1318 2352 per
1351 2289 1520 2337 orbem.
1589 2292 1945 2341 Hemistichium
1979 2306 2003 2335 e
2038 2292 2337 2350 Peerlkampii
2374 2295 2593 2339 sententia

260 2357 403 2400 aliena
438 2372 576 2403 manu
611 2358 835 2415 additum,
884 2373 1026 2421 quum
1063 2359 1244 2404 Aeneas
1280 2375 1362 2404 nec
1396 2360 1501 2403 alias
1538 2360 1847 2416 Trojanorum
1882 2359 2078 2403 colonias
2111 2374 2193 2417 per
2225 2360 2384 2404 orbem
2417 2360 2593 2420 disper-

259 2439 330 2475 sas
365 2438 511 2486 neque
545 2430 687 2484 ipsius
724 2426 977 2471 Antenoris
1012 2431 1209 2484 noverit,
1243 2436 1289 2470 et
1323 2428 1495 2471 dixerit
1530 2427 1679 2481 modo,
1716 2442 1765 2470 se
1799 2443 1898 2471 esse
1931 2426 2151 2486 reliquias
2185 2425 2427 2478 Danaum.
2491 2428 2594 2483 Qua

257 2496 309 2538 in
343 2506 394 2535 re
428 2505 698 2550 magnopere
732 2498 912 2540 erravit.
980 2494 1160 2539 Sciebat
1194 2494 1374 2540 Aeneas
1408 2497 1457 2537 in
1494 2496 1628 2540 Creta
1665 2495 1890 2553 Trojanos
1923 2497 2092 2537 morari
2127 2508 2240 2556 quos
2275 2494 2350 2546 ibiv
2373 2494 2593 2556 reliquis-

261 2568 328 2605 set
372 2560 441 2620 (3,
482 2556 616 2622 190),
656 2561 883 2606 Helenum
930 2578 1034 2606 cum
1077 2562 1401 2607 Andromache
1444 2566 1493 2607 in
1527 2562 1691 2619 Epiro,
1743 2563 1958 2610 Acestem
2009 2565 2057 2605 in
2091 2562 2268 2615 Sicilia,
2313 2562 2434 2606 idem
2478 2566 2592 2605 scire

262 2625 468 2683 debebat,
501 2635 682 2687 praeter
713 2643 759 2671 se
795 2637 840 2672 et
874 2634 1016 2674 socios
1051 2631 1160 2673 alios
1196 2644 1376 2691 quoque
1413 2631 1538 2674 urbis
1574 2629 1834 2674 incendium
1879 2629 2087 2687 effugisse
2134 2644 2184 2673 ac
2221 2629 2418 2674 diversas
2451 2637 2592 2674 terras

261 2697 457 2751 petiisse,
491 2708 641 2755 neque
676 2709 894 2755 umquam
930 2711 975 2738 se
1011 2700 1164 2738 unicas
1198 2698 1410 2758 reliquias
1444 2697 1699 2755 appellavit.
1761 2698 1812 2739 Si
1848 2711 1954 2740 vero
1989 2699 2148 2740 nesciit
2181 2697 2290 2747 haec
2323 2710 2374 2745 ac
2407 2710 2453 2737 se
2487 2711 2591 2739 cum

262 2764 357 2809 suis
392 2774 474 2818 pro
508 2766 656 2807 unicis
690 2762 896 2823 reliquiis
931 2763 1105 2816 habuit,
1141 2780 1231 2822 quo
1264 2765 1364 2820 jure
1400 2774 1499 2809 tum
1534 2763 1676 2811 dixit:
1717 2762 1830 2808 Non
1865 2764 1965 2824 opis
1999 2771 2070 2808 est
2103 2770 2306 2814 nostrae,
2337 2778 2420 2809 nec
2451 2763 2589 2823 quid-

262 2826 376 2890 quid
409 2825 569 2890 ubique
603 2836 675 2873 est
702 2829 864 2888 gentis
900 2829 1218 2876 Dardaniae?

473 2897 568 2942 603
602 2911 671 2958 sq.
708 2896 784 2940 Di
813 2897 900 2942 tibi
934 2924 992 2931 —
1034 2898 1264 2942 Praemia
1297 2900 1445 2958 digna
1463 2897 1648 2956 ferant.
1710 2902 1885 2944 Collato
1921 2901 1969 2954 9,
2005 2898 2106 2942 252
2135 2898 2349 2955 praemia
2381 2923 2449 2931 —
2479 2901 2590 2958 pul-

259 2944 498 3009 cherrima
522 2963 727 3023 primum
756 2963 831 3009 Dt
860 2982 1099 3026 moresque
1131 2964 1310 3012 dabunt
1340 2967 1488 3012 vestri
1552 2968 1605 3011 P.
1656 2969 1771 3013 bene
1805 2969 2035 3015 intellexit
2068 2963 2176 3008 haec
2211 2965 2436 3025 jungenda
2471 2982 2588 3013 esse·

263 3029 338 3076 Di
367 3028 453 3076 tibz
491 3054 551 3064 —
589 3039 632 3074 et
662 3047 792 3077 mem
826 3031 917 3079 sibi
948 3033 1135 3080 conscia
1168 3034 1286 3079 recti
1320 3035 1541 3080 Praemia
1575 3034 1721 3095 dzgna
1741 3031 1926 3094 ferant.

470 3098 571 3146 607
607 3113 674 3159 sq.
707 3100 763 3143 In
784 3098 921 3158 fieta
954 3102 1068 3146 dum
1087 3100 1234 3160 fluvii
1264 3112 1450 3150 current
1488 3128 1546 3138 -
1586 3103 1745 3148 sidera
1772 3109 1951 3162 pascet.
1989 3099 2172 3152 Gemini
2208 3117 2360 3147 versus
2395 3119 2418 3145 a
2437 3103 2590 3153 Peerl-
