2863 3690
246 356 335 400 Cui
371 347 493 396 bono
526 355 671 410 igitur
707 351 844 396 verba
880 350 1076 412 Europa
1109 360 1257 412 atque'·
1280 350 1401 398 Asia
1433 350 1605 409 padcus
1617 352 1800 399 statim
1816 347 2074 405 adduntur,
2108 349 2204 394 nisi
2231 348 2436 457 gnavius
2448 356 2599 399 eti*

245 436 381 481 quam
416 420 618 480 simplex
647 419 763 463 illud
798 416 1067 464 vocabulum
1104 418 1315 463 Aeneam
1346 419 1547 462 exsulem
1583 432 1679 462 esse
1710 416 2000 475 significant?
2060 436 2077 441 *-
2142 452 2146 456 .

453 487 569 533 393.
607 485 814 545 Adepice
848 484 918 529 bis
953 501 1088 529 senos
1121 486 1353 529 laetantes
1388 485 1578 542 agmine
1612 500 1795 544 cycnos.
1861 484 1985 531 Post
2005 484 2248 530 Heinsium
2273 437 2593 549 Peerlkaempu

244 556 381 601 verba
417 559 482 600 sic
516 559 660 614 posita
696 570 807 598 sono
841 563 888 598 et
921 564 1052 597 cursu
1087 552 1390 596 intolerabilia
1425 555 1516 595 visa
1552 561 1675 606 sunt,
1708 566 1847 611 quare
1878 565 2079 603 versum
2090 557 2169 597 sic
2180 552 2472 600 scribendum
2491 570 2584 600 esse

240 627 447 668 censuitz·
488 621 700 681 Agmina
742 619 814 665 bie
860 634 994 664 senos
1035 619 1264 664 laetantia
1308 618 1522 677 conspice
1566 633 1748 678 cyme.
1826 621 1941 666 Non
1977 619 2296 673 animadv-'tit
2335 619 2414 666 Hs
2449 621 2591 669 ωδ.

237 700 476 752 propterea
512 693 714 750 primum
749 690 914 747 obJ‘ecti
948 688 1099 732 locum
1134 695 1301 742 tenere,
1337 686 1458 743 quod
1494 688 1569 731 illo
1605 701 1829 739 numerus
1855 687 1932 732 liic
1967 695 2151 749 pmpter
2174 687 2413 742 duodecim
2442 689 2589 735 auiis·

237 772 307 802 sas
343 772 476 801 naves
513 758 701 812 alicujus
753 759 976 799 momenti
1026 764 1106 798 est.
1175 754 1238 799 Et
1291 755 1400 812 quid
1453 754 1666 808 tandem,
1705 759 1748 798 si
1777 756 1859 798 illa
1903 757 2210 814 corrigamus,
2249 755 2337 799 hie·
2370 757 2590 803 sudemus·

238 827 285 880 5,
324 826 425 872 306
485 823 689 868 Gnoesia
730 822 842 868 bina
883 821 1003 867 dabo
1047 823 1252 867 laevato
1265 821 1422 866 lucida
1455 818 1594 879 ferro
1631 821 1855 879 Spicula5
1879 823 2004 868 ’557
2050 820 2229 894 Cornea
2271 820 2383 868 bina
2411 821 2589 882 secant.

235 889 455 952 praefixo
490 891 685 936 hastilia
706 888 863 951 ferro

447 960 560 1006 395.
611 975 735 1003 nunc
769 968 921 1004 terras
966 959 1126 1002 ordine
1159 960 1300 1018 longo
1335 958 1433 1002 Aut
1468 972 1633 1016 capere
1667 965 1751 1001 aut
1785 964 1952 1014 captae
1974 958 2084 1017 jam
2116 957 2387 1017 despectare
2417 922 2588 1015 viden·-

236 1036 328 1072 tur.
366 1030 542 1073 Mirum
579 1035 648 1071 est
682 1028 806 1071 hunc
841 1029 990 1071 locum
1026 1027 1349 1087 interpretibus
1383 1034 1476 1068 tam
1511 1024 1741 1068 difficilem
1776 1025 2005 1084 explicatu
2042 1027 2196 1069 visum
2223 1042 2329 1081 esse,
2365 1035 2416 1071 ut
2435 1030 2581 1074 multo

237 1094 389 1139 studio
426 1097 477 1137 in
512 1108 567 1137 eo
603 1098 765 1137 versati
801 1102 953 1136 tamen
998 1109 1090 1136 non
1126 1098 1173 1136 in
1211 1108 1301 1135 una
1337 1107 1383 1135 re
1418 1095 1677 1135 erraverint.
1746 1092 1930 1134 Erravit
1965 1094 2192 1150 imprimis
2227 1094 2404 1152 Wagn.
2451 1096 2589 1153 cujus·

237 1166 658 1221 interpretationem
698 1162 749 1204 P.
783 1161 973 1219 probare
1009 1175 1101 1203 non
1138 1160 1342 1203 debebat.
1392 1162 1511 1203 Nam
1547 1162 1583 1201 si
1619 1159 1694 1202 illa
1731 1159 1864 1202 verba
1900 1158 2182 1216 significant:
2218 1168 2386 1213 „terras
2415 1164 2589 1222 partim·

236 1243 410 1289 capere,
446 1233 609 1289 partim
647 1232 724 1286 qui
759 1231 899 1287 primi
938 1236 1104 1270 terram
1141 1231 1408 1286 attigerant,
1444 1227 1534 1283 jam
1570 1241 1726 1268 rursus
1762 1229 1809 1269 in
1846 1226 1988 1268 altum
2019 1224 2186 1270 vsublati
2223 1228 2586 1285 despectare-vi..

237 1296 459 1351 dentur;“
495 1300 695 1356 primum
733 1294 895 1339 ordine
927 1294 1067 1354 longo
1100 1293 1211 1339 ferri
1247 1298 1430 1354 nequit,
1467 1299 1543 1353 qui
1581 1296 1770 1352 cogitari
1805 1301 1982 1338 tantum
2018 1301 2168 1354 potest
2201 1295 2413 1341 omnibus
2447 1299 2583 1343 simul

238 1373 325 1408 aut·
351 1364 608 1408 volantibus
644 1372 721 1407 aut
756 1364 1031 1418 sedentibus,
1066 1379 1159 1407 non
1195 1371 1344 1406 autem
1381 1363 1459 1405 ubi
1495 1363 1571 1405 alii
1608 1366 1657 1405 in
1685 1370 1803 1405 terra
1838 1362 2051 1413 resident,
2086 1363 2162 1405 alii
2198 1378 2369 1407 rursus
2389 1366 2583 1411 evolant:

235 1431 419 1476 Deinde
454 1441 548 1476 tota
584 1435 860 1492 comparatio
893 1430 999 1475 falsa
1034 1439 1101 1474 est
1136 1439 1182 1474 et
1216 1430 1396 1482 clauda,
1442 1434 1479 1473 si
1524 1445 1657 1474 naves
1701 1430 1758 1474 ab
1803 1432 1894 1475 alto
1930 1429 1978 1473 in
2014 1438 2198 1489 portum
2234 1431 2440 1477 devectae
2475 1436 2581 1479 cum

237 1504 396 1559 cycnis
431 1507 709 1562 aequantur,
759 1502 839 1561 qui
885 1506 1054 1542 terram
1100 1503 1279 1559 capiant
1325 1497 1533 1557 quidem,
1580 1498 1655 1541 sed
1701 1506 1873 1558 captam
1922 1501 2074 1541 statim
2121 1498 2583 1560 rursusrelinquant.

234 1567 397 1627 Neque
432 1576 535 1628 apte
570 1567 763 1611 reduces
798 1571 832 1610 ii
868 1566 1085 1610 dicuntur
1120 1567 1301 1619 ludere,
1346 1569 1427 1628 qui
1462 1566 1656 1610 redeunt
1700 1570 1751 1610 in
1795 1565 1970 1610 coelum
2023 1565 2146 1611 unde
2181 1566 2317 1611 modo
2351 1567 2580 1629 fugerant,

234 1642 281 1677 et
315 1635 400 1678 ubi
433 1636 676 1693 longinqui
712 1650 736 1677 a
771 1641 983 1678 consueta
1020 1634 1121 1676 sede
1157 1639 1286 1678 novis
1322 1635 1534 1693 periculis
1569 1642 1677 1677 sunt
1709 1633 1914 1677 obnoxii.
1984 1632 2056 1676 Ut
2088 1648 2186 1678 rem
2221 1633 2397 1678 facilius
2432 1650 2582 1696 expe-

236 1701 413 1745 diamus
448 1701 562 1746 illud
597 1705 796 1746 maxime
831 1701 1079 1745 tenendum
1113 1709 1202 1755 est,
1238 1704 1287 1744 in
1323 1716 1401 1744 ora
1435 1703 1661 1745 maritima
1696 1700 1803 1744 haec
1837 1700 1958 1753 fieri,
1993 1708 2045 1744 ut
2079 1705 2212 1760 cycni
2235 1715 2389 1760 -q-uum
2422 1701 2581 1763 aperto

235 1770 362 1812 coelo
408 1771 523 1829 pulsi
572 1777 737 1812 terram
783 1783 939 1829 capere
985 1769 1218 1822 dicantur,
1268 1784 1401 1827 supra
1453 1784 1572 1811 mare
1616 1772 1750 1810 etiam
1797 1769 1995 1812 volatum
2032 1769 2273 1818 tetendisse
2307 1776 2354 1811 et
2386 1770 2581 1817 indein

234 1843 402 1879 terram
438 1837 584 1881 redire
621 1837 811 1894 putandi
847 1840 950 1879 sint.
1021 1836 1083 1878 Et
1117 1838 1315 1893 postulat
1350 1835 1436 1878 hoc
1471 1838 1819 1893 comparationis
1853 1850 1957 1877 cum
1993 1835 2183 1880 navibus
2217 1839 2348 1879 ratio.
2380 1837 2579 1888 *Verum

234 1902 314 1946 ubi
350 1918 451 1947 aves
488 1903 626 1962 longo
660 1903 820 1947 ordine
858 1903 1055 1946 volantes
1090 1918 1112 1944 a
1152 1907 1263 1946 mari
1301 1911 1464 1945 terram
1502 1905 1710 1959 capiunt,
1758 1919 1849 1946 non
1887 1906 2134 1946 necessario
2168 1905 2309 1963 ipsam
2345 1907 2581 1964 attingunt

233 1970 388 2029 ibique
426 1971 649 2027 residunt,
685 1970 760 2014 sed
797 1978 916 2013 recte
952 1985 1049 2013 eam
1085 1974 1253 2029 cepisse
1280 1971 1509 2023 dicuntur,
1546 1974 1581 2012 si
1620 1969 1820 2013 volantes
1855 1985 1946 2013 non
1983 1970 2175 2030 amplius
2211 1985 2333 2014 mare
2369 1971 2446 2015 sed
2480 1971 2580 2017 tei·-

234 2052 332 2080 ram
367 2038 634 2099 despiciunt.
699 2038 835 2081 Unde
871 2041 1091 2080 sententia
1127 2042 1327 2081 nascitur
1362 2052 1454 2080 non
1490 2037 1702 2080 obscura:
1741 2038 1953 2081 videntur
1986 2046 2065 2082 aut
2099 2041 2147 2080 in
2184 2053 2237 2080 eo
2272 2052 2365 2081 esse
2399 2047 2453 2083 ut
2485 2048 2578 2085 ter·

234 2119 307 2147 ras
352 2110 555 2164 capiant,
603 2113 682 2147 aut
725 2109 891 2161 cepisse
939 2113 989 2146 ut
1025 2106 1114 2158 jam
1161 2110 1209 2147 in
1253 2120 1324 2147 eas
1369 2105 1629 2162 despiciant.
1703 2106 1762 2147 Et
1796 2114 1918 2164 patet
1952 2122 2033 2148 cur
2069 2106 2227 2149 Venus
2261 2104 2369 2149 haec
2405 2110 2578 2152 incerta

231 2172 477 2232 relinquat.
548 2173 768 2233 Quisquis
813 2174 935 2216 enim
972 2187 1072 2215 aves
1111 2180 1201 2215 tam
1237 2172 1324 2216 alte
1363 2171 1581 2224 volantes,
1627 2179 1678 2214 ut
1713 2175 1847 2231 cycni
1883 2171 2127 2226 facianae
2162 2175 2274 2216 mari
2311 2180 2455 2220 terrae
2477 2173 2581 2237 -ap-

232 2242 540 2299 propinquare
574 2242 877 2300 conspexerit,
914 2241 992 2282 vix
1029 2241 1198 2300 poterit
1234 2246 1353 2283 certe
1389 2237 1636 2290 affirmare,
1671 2253 1762 2297 quo
1797 2242 2014 2299 temporis
2048 2247 2277 2284 momento
2311 2246 2459 2286 totum
2494 2256 2581 2288 eo-

233 2307 340 2358 run'i
371 2322 535 2364 agmen
572 2315 650 2348 aut
685 2311 853 2365 ceperit
887 2308 976 2361 J'am
1014 2315 1177 2348 terram
1214 2316 1292 2349 aut
1327 2313 1385 2349 sit
1420 2314 1672 2383 capturum.
1744 2307 1952 2349 Reduces
1988 2315 2135 2349 autem
2185 2309 2241 2349 ad
2288 2316 2452 2352 terram
2494 2312 2575 2353 u‘bi

232 2370 355 2416 facili
392 2379 576 2432 negotio
621 2390 714 2417 sese
756 2374 1000 2417 1··econde1e
1035 2378 1231 2432 possint,
1285 2376 1429 2418 securi
1465 2373 1555 2429 J'am
1593 2372 1757 2417 ludunt
1791 2382 1834 2417 et
1870 2377 1918 2417 in
1955 2390 2053 2418 aere
2088 2375 2276 2418 circulos
2313 2375 2578 2422 describunt

232 2447 279 2484 et
313 2448 498 2485 canunt
569 2444 676 2489 Non
724 2441 856 2486 aliter
906 2456 1040 2486 naves
1076 2448 1153 2485 aut
1188 2456 1394 2486 securum
1430 2447 1616 2501 portum
1652 2440 1741 2498 J‘am
1778 2448 1935 2485 tenent
1970 2439 2157 2502 (terram
2191 2442 2283 2500 jam
2318 2442 2579 2510 ceperunt),

233 2516 310 2551 aut
346 2512 461 2551 ostia
499 2511 630 2569 pleno
665 2510 764 2553 velo
799 2510 996 2553 subeunt
1032 2507 1101 2570 (in
1139 2525 1191 2553 eo
1227 2518 1333 2553 sunt
1368 2517 1419 2553 ut
1455 2507 1672 2568 capiant).

441 2573 560 2621 398.
596 2576 661 2619 Et
682 2584 814 2619 coetu
837 2577 1021 2619 cinxere
1041 2577 1200 2636 polum
1229 2586 1311 2621 cet.
1348 2576 1608 2636 Utrumque
1632 2591 1808 2620 versum
1828 2577 1881 2620 P.
1904 2577 2072 2621 infelici
2094 2583 2285 2623 tentavit
2300 2581 2573 2638 coniectura,

233 2656 368 2699 quam
386 2642 592 2689 refellere
611 2660 705 2687 non
724 2659 836 2702 opus
853 2652 932 2686 est.
974 2641 1168 2687 Cina-ere
1181 2645 1341 2703 polum
1358 2647 1551 2688 nimium
1571 2647 1612 2687 ei
1633 2643 1810 2688 videtur
1845 2649 1892 2688 in
1929 2653 2054 2689 tanto
2088 2647 2201 2690 coeli
2237 2651 2398 2704 spatio,
2434 2662 2572 2706 quare

231 2707 489 2768 Vergilium
525 2712 700 2756 dedisse
735 2709 907 2767 judicat
941 2711 1126 2754 cinxere
1158 2712 1327 2755 lacum.
1386 2711 1463 2755 Ad
1501 2711 1688 2754 alterum
1726 2726 1906 2756 versum
1943 2712 2216 2768 Quintiliani
2252 2716 2578 2761 testimonium»

231 2788 397 2833 parum
441 2792 598 2823 curans
640 2778 750 2822 haec
790 2777 1043 2822 adnotavit:
1089 2778 1212 2832 „Pro
1256 2786 1366 2823 tuae
1403 2779 1652 2837 elegantius
1696 2787 1810 2823 esset
1854 2779 2050 2835 ducum,
2087 2789 2357 2841 puppesque
2390 2779 2572 2828 ducum

223 2841 462 2903 pubesque
493 2854 692 2891 tuorum.
746 2845 963 2890 Latinum
999 2853 1065 2889 est
1096 2844 1243 2904 pubes
1278 2855 1478 2899 tuorum,
1514 2851 1566 2888 ut
1600 2844 1739 2890 turba
1773 2855 1973 2892 tuorum.
2036 2844 2129 2894 Sed
2166 2861 2270 2890 cum
2306 2854 2414 2898 tuae
2448 2865 2577 2896 con-

227 2910 440 2967 junctum
475 2913 703 2962 diversum
735 2914 988 2973 significare
1021 2914 1219 2968 videtur,
1257 2923 1306 2959 ut
1343 2929 1514 2976 puppes
1550 2916 1642 2956 sint
1675 2914 1877 2970 Aeneae,
1913 2917 2058 2973 pubes
2092 2914 2320 2959 aliormnae
2308 2919 2336 2941 “

439 2976 895 3041 mundanamque
937 2982 1182 3040 adspectat
1225 2981 1424 3041 desuper
1468 2995 1615 3024 arces.
1687 2983 1757 3024 W
1762 2997 1931 3041 aguero
1975 2982 2228 3040 displicuit,
2275 2984 2417 3042 quod
2433 2988 2572 3045 paulo

230 3056 331 3105 post
367 3047 769 3107 Carthaginienses
795 3049 1014 3094 dicuntur
1047 3049 1205 3093 moliri
1237 3065 1404 3095 arcem.
1458 3050 1509 3094 P.
1545 3065 1670 3094 more
1706 3065 1788 3095 suo
1823 3051 1878 3095 ad
1915 3049 2233 3107 corrigendum
2270 3067 2440 3112 pronus
2475 3055 2568 3099 ad..

232 3127 411 3175 epectat
426 3117 629 3175 desuper
654 3118 789 3162 aedes
818 3122 1015 3179 scripsit,
1051 3131 1135 3176 pro
1172 3133 1220 3162 re
1256 3123 1486 3179 aptissima
1522 3117 1692 3162 humile
1727 3118 1840 3178 quid
1861 3131 2082 3175 reponens
2105 3125 2149 3162 et
2164 3127 2294 3177 poeta
2310 3121 2568 3182 indignum.
