2863 3690
222 414 412 468 torrere,
445 413 541 458 hoc
568 397 843 480 praeferret,
872 409 978 455 nisi-
993 415 1057 455 sit·
1079 414 1296 455 nimium.
1339 409 1443 455 At-
1454 423 1549 455 non
1582 412 1728 454 solum
1763 415 1974 464 nimium,
2008 413 2086 457 sed
2120 422 2279 458 contra
2315 431 2471 459 usum
2468 417 2563 460 lo·—

224 474 404 542 quendi
426 484 536 535 est,
531 484 688 544 quum
716 483 878 523 nemo
874 477 1144 523 Romanus·
1136 473 1321 538 *fruges
1355 475 1593 524 exterrere
1625 476 1811 525 dixerit
1867 480 2130 525 Meminisse
2163 481 2354 566 debebat
2387 481 2472 529 Ge.
2496 484 2565 580 ,¹

221 549 343 595 20⁶7
363 547 530 591 Nune
526 552 712 591 torrete
744 546 847 605 igni
865 545 1056 603 fivsgee,
1090 560 1212 588 nunc
1232 543 1456 604 frangite
1489 545 1620 588 saxo.
1657 548 1681 581 i'
1744 564 1763 569 „
2551 573 2559 586 .

245 637 247 639 ·
396 601 546 660 ··1’88.“
568 609 707 674 fidus
739 622 857 705 puae
891 612 985 657 κὶα
1010 610 1208 672 gerebat
1239 612 1463 658 Achatem
1533 615 1587 658 Ρ.
1623 579 1897 669 „Gestabat,
1941 570 2103 667 eredo,
2137 584 2232 675 ipse
2263 573 2484 666 Aeneas
2473 635 2556 664 ar-

225 690 338 728 cum
371 689 420 726 et
450 673 750 741 pharetram,
778 686 854 725 ut
866 696 930 725 v.
926 680 1053 724 312
1084 681 1337 740 graditur
1351 680 1619 726 comitatae
1634 678 1816 724 Achate
1848 680 1977 725 Bina
2017 697 2162 727 manu
2202 683 2332 728 lato·
2324 700 2555 746 -cmpans

225 749 422 795 hastilia
445 745 600 806 ferro.
669 751 753 793 Αιι
796 745 1000 793 Aeneas
1017 749 1241 806 gestabat
1258 751 1436 803 arcum,
1480 748 1711 793 Achates
1725 756 1875 791 autem
1917 749 2182 809 sagittas?
2181 753 2326 804 Nam
2358 752 2454 798 eda
2495 753 2557 799 ad

223 815 390 863 arcum
404 814 570 868 referri
596 831 725 861 non
736 824 972 874 possunt.-
1005 815 1154 861 Credo
1188 817 1309 861 haec
1331 818 1425 860 non
1460 832 1552 860 esse
1588 815 1830 874 Vergiliist‘
1900 817 2088 861 Talibus
2122 819 2199 862 ille
2233 834 2326 863 rem
2361 821 2450 865 sibi
2472 826 2555 866 vi·

223 883 357 932 detur
377 882 646 931 confecisse.
685 885 959 930 Nimirum'
979 887 1083 944 quia
1126 893 1230 930 uno
1254 883 1328 930 die
1363 882 1544 930 Aeneas
1576 883 1739 943 jacula
1753 885 1849 942 ipse
1883 884 2110 945 gestabat,
2162 886 2334 932 idcirco
2374 889 2553 950 reliquo

224 946 420 1017 quoque
442 956 659 1009 tempore
676 951 832 995 fecisse
863 950 1210 994 existumandus
1226 951 1314 993 est'
1384 952 1557 1011 Pyrrhi
1600 955 1797 1010 armiger
1831 952 2156 998 Automedon
2172 962 2554 1003 commemoratur

223 1021 271 1075 2,
306 1007 422 1076 477,
455 1019 668 1066 Hectoris
704 1021 909 1067 Misenus
945 1019 1153 1075 6,166,
1197 1019 1446 1065 Anchisae
1457 1019 1600 1065 Butes
1636 1019 1685 1073 9,
1718 1018 1832 1074 647,
1877 1021 2103 1065 Evandri·
2115 1022 2308 1067 Acoetes
2348 1026 2433 1076 11,-
2471 1027 2552 1077 30,

221 1089 383 1134 Remi
382 1088 614 1152 denique
627 1089 675 1144 9,
712 1088 848 1144 33ος
872 1103 953 1132 cur
980 1090 1130 1148 igitur
1163 1087 1347 1133 Aeneae
1381 1087 1532 1132 nullus
1566 1085 1735 1132 fuerit?
1787 1087 1965 1133 Ancum
2001 1104 2105 1134 cum
2139 1094 2310 1148 sagittis
2344 1092 2440 1136 tela
2473 1105 2556 1150 ap·

221 1157 386 1215 pellari
416 1169 544 1216 posse
578 1162 734 1201 nemo
731 1155 943 1217 negabit,
980 1154 1070 1201 Or.
1108 1158 1234 1202 Met.-
1260 1156 1305 1211 5,
1343 1154 1454 1201 366
1478 1170 1607 1260 cape
1625 1155 1731 1210 tela,
1774 1153 1963 1218 Cupido,
1999 1153 2160 1218 Inque
2177 1157 2255 1202 dei
2279 1167 2443 1218 pectus
2478 1175 2554 1205 ce-

223 1225 342 1269 leres
365 1223 537 1267 molire
569 1225 788 1283 sagittas.

258 1311 261 1314 ’
433 1291 544 1337 195.
584 1291 713 1336 Vitia
734 1290 891 1336 bonus
924 1307 1042 1351 quae
1077 1291 1242 1335 deinde
1285 1292 1416 1335 cadis
1461 1299 1681 1335 onerarat
1714 1292 1905 1335 Acestes
1942 1317 2007 1325 -
2043 1293 2239 1337 Dividit.
2275 1295 2403 1337 Haec
2447 1311 2549 1337 ver-

223 1359 388 1404 borum
423 1359 628 1417 trajectio
662 1362 813 1404 'nescio
848 1374 929 1404 cur
962 1366 1140 1403 tantum
1175 1358 1354 1403 differat
1387 1358 1469 1402 ab
1466 1359 1697 1419 exemplis
1731 1374 1756 1402 a
1790 1359 2049 1420 Wagnero
2062 1361 2255 1405 laudatis
2291 1358 2439 1415 5,14
2477 1362 2553 1405 Sic

224 1426 389 1471 deinde
420 1427 602 1471 locutae
642 1426 877 1487 Colligere
900 1442 1036 1471 arma
1058 1425 1217 1486 jubet,
1256 1428 1301 1482 5,
1346 1423 1473 1480 40ος
1519 1427 1564 1480 7,
1604 1427 1737 1480 135,
1752 1435 1803 1470 ut
1838 1427 1890 1471 Ρ.
1928 1429 2119 1472 similem
2164 1431 2358 1472 inveniri
2402 1430 2553 1473 locum

223 1504 388 1556 negare
421 1496 636 1552 potuerit.
676 1496 845 1540 Maluit
879 1504 1027 1539 autem
1062 1502 1193 1555 poeta
1210 1510 1310 1555 ·pro
1327 1494 1565 1539 debiliore
1600 1494 1777 1539 deinde
1799 1500 2051 1554 graviorem
2088 1511 2243 1540 vocem
2275 1495 2387 1540 vina
2418 1501 2553 1541 initio

224 1577 433 1623 ponere,⁴
467 1575 582 1652 quae
625 1565 830 1607 carnium
873 1562 1000 1607 dono*
1038 1570 1346 1619 opponuntur.
1417 1561 1529 1607 Vid.
1565 1561 1679 1624 quae
1714 1563 1768 1606 de
1803 1562 2020 1606 Luc'retio
2054 1563 2156 1608 dixi
2190 1564 2373 1619 Quaest.
2407 1564 2553 1610 Lucr.

221 1644 266 1688 p.
303 1625 369 1673 42
405 1644 472 1692 sq.
509 1629 666 1689 Ergo
692 1646 813 1674 ιιοιι
831 1637 1024 1688 praestat
1058 1627 1246 1673 Deinde
1279 1628 1424 1673 bonus
1458 1633 1576 1727 quae
1607 1629 1718 1673 vina
1753 1629 1909 1684 cadis,
1942 1644 2090 1692 quam
2126 1630 2366 1675 verborum
2407 1632 2551 1676 collo-

222 1700 443 1741 cationem
478 1698 532 1742 P.
566 1696 902 1758 praeferendam
936 1713 1047 1742 esse
1064 1701 1253 1743 censuit.

428 1765 545 1809 210.
581 1764 864 1825 dapibusque
884 1762 1084 1823 futuris.
1155 1766 1208 1809 P.
1247 1770 1328 1827 qui
1362 1767 1604 1827 aliquando
1640 1767 1694 1810 de
1713 1766 1905 1825 fictura
1955 1768 2172 1811 mutando
2205 1782 2309 1811 cum
2344 1768 2431 1812 alio
2466 1781 2550 1811 voa

224 1834 383 1877 cabulo
417 1849 462 1877 v.
498 1847 538 1876 c.
565 1833 796 1892 parandis
831 1836 1045 1891 cogitavit
1079 1840 1230 1890 postea
1267 1833 1505 1885 abstinuit,
1552 1847 1693 1894 quum
1729 1833 1840 1877 illud
1889 1833 2068 1877 vidisset
2110 1835 2413 1879 imitatoribus
2450 1835 2550 1880 Val.

219 1900 378 1945 Flacco
413 1897 482 1958 4,
499 1901 596 1946 592
632 1908 678 1944 et
714 1901 870 1945 Claud.
906 1900 1096 1959 Eutrop.
1134 1899 1180 1953 2,
1216 1898 1313 1945 945
1351 1915 1443 1943 non
1480 1901 1769 1958 displicuisse.
1846 1899 2085 1943 Ita>sallax
2119 1902 2347 1958 judicandi
2388 1916 2553 1946 norma,

219 1969 300 2013 illev
331 1970 609 2022 sensusrest,
655 1967 967 2026 quid-placeat
1000 1975 1078 2010 aut
1113 1967 1366 2024 displiceat,
1418 1971 1525 2011 nisi·
1551 1972 1718 2011 conscii
1754 1973 1890 2012 simus
1925 1973 2151 2012 rationum
2186 1984 2266 2011 cur
2301 1971 2550 2045 displiceat.

221 2036 409 2080 Praeter
438 2036 566 2095 pesti
596 2036 762 2080 devota
782 2032 983 2093 futurae
1020 2035 1072 2086 1,
1119 2035 1217 2078 712
1260 2035 1315 2078 ab
1351 2039 1450 2095 ipso
1485 2035 1797 2095 Peerlkampio
1833 2033 2019 2079 citatum
2056 2035 2111 2080 cf.
2157 2037 2210 2088 1,
2256 2033 2354 2081 429
2400 2052 2551 2081 scema

222 2103 392 2149 decora
435 2104 535 2148 alca
566 2098 778 2161 faturia
824 2097 922 2148 504
958 2102 1140 2146 instans
1183 2101 1313 2161 operi
1355 2102 1600 2164 regnisque
1620 2099 1830 2161 suturis,
1876 2103 1926 2161 4,
1961 2103 2059 2150 297
2095 2112 2338 2164 motusque
2371 2104 2552 2165 excepit

252 2172 376 2217 rima
394 2168 609 2230 saturos.

213 2190 251 2233 P
341 2237 363 2258 ’·
427 2239 602 2284 216-
617 2237 731 2283 219.
784 2237 1036 2297 Postquam
1080 2245 1264 2281 exemta
1295 2235 1460 2295 sames
1503 2237 1652 2295 epulis
1696 2263 1760 2272 -—
1805 2254 1888 2282 nec
1919 2240 2030 2298 jam
2080 2208 2302 2283 eraudire
2345 2246 2547 2282 vocatos.

221 2309 349 2353 Justa
382 2314 450 2351 est
484 2307 787 2363 Peerlkampii
821 2305 1060 2361 dubitatio,
1097 2321 1206 2349 num
1241 2305 1380 2364 longo
1416 2304 1565 2348 socios
1601 2320 1808 2349 sermone
1840 2307 2080 2367 requirunt
2112 2306 2362 2365 significare
2383 2309 2547 2366 possit.

222 2376 492 2419 desiderium
527 2376 792 2417 amissorum
827 2377 1053 2416 sociorum
1089 2373 1314 2416 declarant
1348 2377 1439 2416 sive
1474 2373 1613 2415 multa
1650 2373 1704 2416 de
1740 2376 1871 2417 sociis
1905 2378 2076 2417 amissis
2109 2377 2228 2416 inter
2270 2389 2316 2416 se
2349 2387 2551 2431 conque·

219 2449 399 2487 runtur.
406 2460 428 2465 ·’
478 2442 636 2486 Minus
678 2446 798 2483 recte
842 2440 1077 2485 contendit
1123 2440 1258 2484 talem
1303 2443 1571 2484 sententiam
1615 2440 1671 2483 ab
1715 2444 1899 2500 ingenio
1942 2440 2259 2485 Aeneadarum
2302 2455 2550 2499 eorumque

221 2509 481 2553 conditione
516 2508 758 2552 abhoirere
794 2504 926 2570 (vid.
942 2508 1120 2568 Heynii
1152 2505 1346 2567 adnot..)
1399 2506 1565 2552 Obstat
1600 2512 1748 2566 potius
1786 2508 2026 2552 verborum
2059 2511 2190 2561 ratio,
2226 2519 2371 2570 quum
2405 2510 2550 2551 amis—-

222 2593 291 2624 sos
333 2584 432 2620 aut·
453 2583 603 2620 mente
649 2579 886 2639 tacitisque
928 2580 1067 2620 animi
1112 2575 1313 2620 sensibus
1358 2584 1436 2619 aut
1480 2575 1634 2619 luctu·
1650 2584 1697 2620 et
1730 2579 2049 2635 querimoniis,
2097 2591 2192 2620 non
2226 2583 2373 2619 autem
2407 2576 2550 2634 longo

225 2643 428 2690 sermone
464 2644 780 2687 desideremus.
799 2646 1012 2689 Minime
1046 2647 1251 2688 omnium
1285 2644 1587 2700 Peerlkampii
1621 2644 1877 2701 conjectura
1911 2642 2093 2686 ferenda
2126 2650 2204 2686 est
2224 2643 2362 2700 longo
2396 2642 2549 2686 socios

223 2710 425 2758 clamore
455 2708 715 2793 requirant,
758 2718 812 2754 ut
845 2719 950 2769 post
981 2710 1130 2755 finitas
1173 2710 1324 2770 epulas
1359 2714 1511 2754 statim
1545 2712 1741 2755 multum
1775 2711 2015 2754 clamantes
2051 2714 2300 2772 quaesitum
2335 2719 2465 2763 eant,
2506 2713 2546 2753 si

220 2780 339 2827 forte
371 2782 553 2842 passim
578 2783 777 2823 errantes
820 2777 1171 2836 deprehendant.
1209 2777 1507 2823 ·Ridiculum
1553 2782 1699 2834 enim,
1745 2794 1819 2823 eos
1869 2781 1918 2822 in
1962 2785 2079 2822 terra
2123 2777 2316 2821 clamore
2360 2779 2543 2837 requiri,

287 2864 336 2892 os
379 2851 468 2905 ipsi
513 2851 562 2890 in
604 2850 793 2906 aequore
834 2845 992 2902 jactari
1036 2850 1200 2888 sciunt.
1269 2847 1387 2889 Nec·
1412 2849 1469 2887 si·
1499 2850 1646 2889 vicino
1688 2847 1834 2890 litoris
1878 2846 1978 2888 loco
2019 2843 2206 2889 navibus
2255 2846 2545 2904 appulissent,

221 2913 719 2961 Aeneam-fefellissent
752 2915 817 2954 in·
834 2911 1017 2969 scopulo
1052 2925 1188 2968 quem
1220 2907 1371 2972 paulo·
1388 2919 1491 2953 ante
1535 2912 1803 2954 ascenderat.
1873 2910 2070 2954 Videtur
2103 2909 2190 2954 sibi
2207 2910 2283 2955 11².
2321 2912 2403 2955 hac
2437 2925 2550 2954 con·.

221 2984 392 3042 iectura
426 2981 562 3026 simul
594 2981 726 3026 aliam
742 2976 1069 3024 difficultatem
1102 2982 1357 3032 removisse,
1391 2992 1505 3038 quae
1538 2982 1609 3021 sit=
1630 2982 1680 3021 in
1713 2978 1860 3022 verbis
1893 2993 1977 3021 nec
2000 2978 2109 3037 jam
2143 2978 2371 3022 exaudire
2400 2993 2548 3022 voca«.

225 3058 329 3094 tos:
383 3048 480 3093 Aa·
500 3061 612 3106 quae
647 3059 789 3105 quum
821 3046 976 3106 Hey'u.
1011 3044 1291 3090 adnotaverit
1324 3046 1402 3100 „h.>
1431 3057 1471 3086 e.
1506 3056 1600 3087 esse
1634 3052 1859 3098 mortuos,
1903 3057 2015 3102 quos
2048 3047 2255 3090 invocari
2300 3045 2354 3089 ab
2386 3045 2541 3089 amicis

224 3126 271 3162 et
305 3117 574 3162 conclamari
608 3123 743 3158 notus
777 3129 874 3157 mos
906 3122 1001 3156 erat
1009 3116 1052 3167 ,“
1095 3113 1204 3155 haec
1236 3115 1326 3153 nisi
1359 3111 1493 3155 fallor
1526 3112 1623 3168 ejus
1656 3120 1751 3154 erat
1784 3116 2003 3155 sententia
2016 3126 2029 3151 ι
2073 3126 2159 3155 nec
2179 3114 2288 3175 jam
2319 3109 2545 3154 exaudire

225 3192 416 3232 vocatos
460 3183 679 3229 leniorem
722 3197 814 3228 esse
856 3180 1125 3227 locutionem
1161 3195 1242 3239 pro
1275 3183 1455 3241 ingrato
1501 3187 1547 3223 et
1579 3182 1700 3223 tristi
1734 3188 1938 3224 mortuos
1972 3195 2066 3225 esse
2079 3213 2092 3235 ,
2135 3192 2317 3239 eamque
2347 3182 2545 3238 potitam
