2863 3690
2478 247 2542 305 '¹8

414 379 529 428 nv.
543 379 683 427 &alec
703 378 970 441 jaetantem
994 387 1187 440 pectore
1220 391 1374 424 curae.
1419 376 1599 424 Dubito
1633 392 1746 424 num
1780 383 1873 425 sint
1907 383 2072 441 quibus
2111 385 2424 449 Peerlkampii
2457 392 2554 451 pln-

209 455 306 496 cett
346 450 632 511 conjectet-e
646 448 772 492 tales
798 448 1000 508 jactam
1042 447 1091 491 in
1134 454 1321 506 pectore
1359 458 1526 501 ouras,
1575 454 1628 491 ut
1669 458 1774 492 non
1798 448 2010 508 amplius
2025 447 2232 510 Jupiter,
2276 454 2407 514 cujus
2434 469 2549 504 ,am

206 516 357 564 nenne
389 513 637 562 manifestis
661 508 830 560 &erbis
844 524 990 560 curae
1024 515 1350 569 memorantur,
1384 513 1464 558 sed
1498 512 1658 560 Venus
1692 515 1791 559 illas
1826 526 1957 558 curas
1990 518 2172 576 pectore
2206 531 2397 568 moveat.
2443 524 2547 582 Ne.-

210 595 301 648 que
335 585 477 629 enim
494 581 566 627 ed
577 583 823 627 necesaria
858 578 948 625 fuit
982 597 1065 626 nec
1098 580 1250 626 locum
1285 583 1558 641 pulcriorem
1592 581 1806 626 reddidit.
1886 582 2135 647 Quaeritur
2167 586 2254 630 hoc
2297 594 2549 652 praecipue,

207 649 385 712 qualem
426 647 503 694 liic
546 646 727 694 Iovem
747 647 938 709 cogitaui
982 646 1583 711 oporteat.Pee1-lkampio
1624 652 1745 692 enim
1780 653 1923 711 magis
1958 651 2118 695 similis
2156 654 2341 700 videtur
2370 651 2547 707 furtum

208 734 344 784 qnam
380 733 507 763 curas
540 719 815 773 meditantis,
851 729 1124 781 quamquam
1159 714 1283 762 unde
1316 715 1403 761 hoc
1437 714 1711 762 concluserit
1744 721 1909 763 nescio.
1967 717 2042 763 Et
2076 727 2290 780 congruit
2324 730 2429 770 cnm
2464 724 2549 773 hue

207 783 419 848 opinione
462 787 784 843 interpretatio
816 784 1056 830 verborum
1103 785 1171 829 oio
1212 783 1383 829 vertice
1427 780 1546 828 coeli
1584 782 1838 838 constitit,
1841 787 1951 838 ,sine
1986 795 2110 831 certo
2146 790 2360 846 consilio,
2394 798 2547 841 nescio

207 851 322 919 qnid
362 851 646 908 meditans,“
690 864 782 914 quo
826 851 895 897 vel
940 855 1078 897 simili
1122 851 1378 912 significatu
1426 852 1494 895 εἰσ
1525 864 1872 913 nonnumquam
1909 857 2103 899 inveniri
2141 864 2334 902 constat.
2403 860 2490 905 At
2508 862 2546 908 si

205 922 439 970 hominem
476 923 672 965 otiosum
707 920 834 964 decet
866 923 962 964 sine
997 929 1121 965 certo
1150 919 1344 964 consilio
1379 925 1496 964 stare
1529 933 1580 962 ac
1614 921 1709 963 loca
1744 919 2001 977 adspioe1e‚
2047 921 2155 968 Jove
2193 924 2395 982 profecto
2420 929 2547 974 nihil

205 989 440 1049 indignius
484 991 672 1046 cogitari
717 996 886 1048 potest,
935 1002 1017 1031 nec
1061 987 1243 1031 credere
1277 1000 1462 1047 possum
1496 985 1758 1045 Vergilium
1793 986 1881 1030 hoc
1916 989 2122 1032 voluisse.
2191 992 2270 1036 Ille
2306 1002 2433 1051 pater
2465 997 2549 1056 qui

205 1067 287 1102 ree
315 1054 639 1115 hominumque
672 1053 896 1114 deumque
927 1053 1145 1099 Aeternis
1178 1053 1304 1112 regit
1336 1052 1543 1115 imperiis
1577 1053 1658 1097 ubi
1693 1056 1743 1097 in
1778 1058 1947 1097 vertice
1982 1056 2095 1099 coeli
2139 1064 2342 1104 consistit
2386 1074 2544 1108 omnes

206 1126 349 1170 terras
384 1139 436 1168 ac
469 1125 610 1168 maria
644 1120 906 1182 despiciens,
942 1127 1092 1184 quivis
1126 1136 1228 1166 eum
1264 1122 1481 1181 intelligit
1514 1129 1694 1165 aeterna
1730 1136 1881 1165 secum
1918 1124 2102 1167 consilia
2137 1128 2331 1185 agitare,
2376 1129 2542 1188 quibus

204 1191 403 1237 muudus
437 1188 740 1250 gubernatum
775 1189 855 1234 ubi
890 1194 939 1235 in
973 1205 1061 1234 una
1097 1191 1332 1250 praecipue
1368 1191 1551 1248 regione
1587 1189 1740 1233 oculos
1777 1189 1946 1248 defigit,
1982 1190 2100 1235 hanc
2134 1200 2232 1237 tum
2257 1197 2540 1253 potissimum

205 1271 362 1303 curare
377 1271 380 1275 ·
396 1259 582 1320 ejusque
612 1265 759 1301 'sortes
794 1258 1084 1318 perpendere.
1121 1257 1273 1313 Quare
1308 1259 1347 1299 si
1381 1260 1535 1299 statim
1571 1264 1673 1313 post
1705 1257 1898 1316 legimus
1938 1254 2055 1301 tales
2075 1260 2335 1313 iactantem
2355 1273 2541 1322 pectore

205 1331 359 1380 durae,
394 1332 493 1369 non'
522 1323 765 1368 obscurum
786 1332 868 1370 'est
902 1340 972 1368 eas
992 1340 1135 1368 curas
1169 1322 1428 1381 significari,
1465 1323 1628 1381 quibus
1662 1325 1843 1381 Jupiter
1876 1330 1922 1366 et
1957 1332 2104 1369 totum
2140 1327 2295 1371 orbem
2315 1336 2542 1375 terrarum

205 1391 501 1452 amplectatur
543 1396 590 1436 et
636 1399 733 1436 tum
793 1396 991 1436 maxime
1026 1392 1202 1451 Libyae
1246 1394 1399 1448 regnis
1445 1394 1738 1448 prospexerit.
1805 1391 2016 1449 Heynius
2065 1397 2145 1453 qui
2197 1395 2353 1438 Jovem
2400 1400 2542 1441 oculis

205 1463 449 1523 animoque
490 1462 539 1501 in
575 1456 758 1503 Aeneae
801 1457 905 1502 fatis
951 1457 1152 1502 defixum
1198 1471 1291 1500 esse
1326 1457 1463 1510 dicit,
1507 1457 1706 1501 nimium
1743 1456 1922 1502 videtur
1956 1459 2251 1504 contendisse.
2317 1460 2438 1508 Illud
2473 1466 2541 1508 sic

203 1528 296 1583 jam
331 1524 660 1571 Wunderlich.
698 1523 853 1568 docuit
887 1541 980 1569 non
1016 1523 1196 1568 differre
1241 1539 1265 1566 a
1302 1522 1578 1567 Graecorum
1623 1518 1783 1579 οὕτως
1811 1533 1914 1582 post
1948 1528 2239 1586 participium
2274 1533 2449 1588 posito,
2494 1538 2541 1577 et

205 1606 228 1637 a
266 1591 509 1652 W'agnero
546 1593 726 1648 Quaest.
764 1591 844 1646 25,
880 1591 911 1637 7
946 1600 1067 1636 recte
1101 1598 1408 1649 comparatum
1443 1597 1510 1635 est
1544 1606 1648 1636 cum
1682 1592 1820 1636 simili
1854 1591 2036 1637 dicendi
2071 1607 2183 1649 usu,
2236 1611 2324 1653 quo
2361 1605 2459 1642 tum
2492 1608 2540 1643 et

207 1659 371 1705 deinde
403 1662 654 1720 participiis
690 1658 1011 1716 subjiciuntur.

413 1726 528 1771 236.
566 1727 648 1786 qui
677 1734 830 1770 terras
865 1727 994 1769 omni
1023 1726 1197 1771 ditione
1231 1734 1448 1770 tenerent.
1485 1726 1537 1771 P.
1575 1727 1704 1770 omni
1734 1727 1907 1771 ditione
1940 1731 2110 1785 pariter
2144 1744 2195 1772 ac
2215 1738 2367 1774 terrae
2383 1748 2539 1777 omnes

203 1795 426 1857 repudiat,
461 1793 658 1854 alterum>
687 1801 873 1854 propter
906 1794 1077 1838 humile
1113 1795 1301 1838 alterum
1341 1802 1524 1853 propter
1559 1811 1747 1838 vacuum
1784 1796 2031 1854 epitheton.
2093 1796 2191 1857 Ipse
2226 1803 2412 1843 tertium
2448 1801 2537 1844 ad-

205 1862 324 1909 didit
359 1860 529 1906 infelici
565 1862 845 1918 conjectura:
882 1860 963 1921 qui
993 1870 1148 1906 terras
1179 1861 1357 1905 domini
1387 1861 1560 1906 ditione
1593 1865 1810 1905 tenerent.
1882 1864 2001 1907 Nam
2038 1868 2075 1907 si
2113 1865 2224 1924 quid
2259 1867 2406 1922 aliud,
2452 1869 2537 1912 do-

204 1927 324 1976 mim·
362 1930 408 1974 h.
440 1930 473 1973 1.
523 1941 897 1986 supervacaneum
943 1937 1032 1983 est,
1080 1930 1203 1991 quod
1239 1935 1463 1986 praeterea
1510 1932 1683 1987 saepius
1719 1932 1921 1987 repetitis
1957 1930 2100 1974 literis
2135 1930 2192 1986 d,
2239 1940 2259 1977 t
2299 1935 2535 1992 ing-ratum

202 2010 357 2045 versus
393 2010 554 2040 sonum
588 1995 741 2039 efficit.
775 1996 1025 2039 Librorum
1059 2000 1297 2040 auctoritas
1334 1998 1617 2041 commendat
1654 1997 1780 2040 omni
1810 1997 2000 2052 ditione,
2036 1997 2175 2059 idque
2211 2003 2392 2058 egregie
2427 2017 2538 2046 con·

203 2066 411 2109 firmatur
450 2064 550 2105 Foco
583 2064 675 2120 jam
718 2063 773 2106 ab
808 2063 996 2122 Heynio
1030 2064 1209 2106 laudato
1248 2063 1326 2113 10,
1363 2062 1426 2106 53
1463 2061 1652 2122 Magna
1687 2062 1860 2107 ditione
1874 2062 2037 2124 jubeto
2081 2061 2319 2124 Carthago
2350 2071 2540 2127 premat

203 2131 498 2184 Maniam,
534 2134 607 2173 cui
652 2130 785 2173 addas
820 2130 900 2173 Sil.
939 2130 993 2182 8,
1041 2128 1139 2174 424
1176 2130 1257 2189 qui
1288 2130 1345 2172 de
1375 2131 1569 2190 proprio
1605 2131 1876 2190 cognomine
1905 2131 2088 2190 primus
2126 2132 2313 2177 Dixisti
2335 2137 2536 2194 populos

201 2215 379 2258 magna
412 2196 586 2242 ditione
609 2195 832 2241 Sabinos.
902 2198 1104 2242 Ditionis
1142 2202 1374 2246 notionem
1410 2202 1447 2240 si
1482 2198 1682 2256 epitheto
1716 2214 1893 2257 magna
1926 2214 2090 2259 augere
2124 2202 2278 2254 licuit,
2328 2204 2538 2246 similiter

202 2270 333 2314 licuit
368 2266 522 2311 addito
558 2264 696 2320 omni,
731 2272 784 2308 ut
819 2268 877 2309 sit
912 2266 1042 2323 plena
1077 2279 1128 2309 ac
1162 2263 1352 2324 perfecta
1391 2265 1577 2320 ditione,
1614 2268 1734 2325 quod
1770 2270 1911 2310 menti
1933 2267 2128 2313 Veneris
2163 2275 2282 2311 recte
2310 2268 2385 2312 hic
2421 2285 2536 2315 con-

204 2340 344 2391 venit,
379 2335 505 2391 cujus
538 2341 606 2378 est
639 2348 688 2377 ea
725 2347 838 2394 quae
872 2334 1053 2391 Jupiter
1086 2337 1342 2391 promiserit
1380 2333 1572 2377 necdum
1607 2340 1702 2377 rata
1735 2333 1895 2378 fecerit
1929 2349 2213 2393 exaggerare.

412 2400 508 2445 245
546 2415 614 2463 sq.
673 2399 802 2444 Unde
844 2415 932 2458 per
975 2416 1060 2444 ora
1102 2415 1264 2445 novem
1299 2426 1365 2433 —·
1395 2401 1568 2459 pelago
1598 2401 1771 2459 premit
1817 2417 1934 2445 arva
1967 2402 2164 2446 sonanti.
2232 2402 2395 2447 Glossa
2432 2420 2541 2464 geo-

204 2471 419 2531 graphica
452 2483 516 2514 ex
546 2472 759 2529 opinione
779 2468 1093 2527 Peerlkampii,
1130 2472 1208 2531 qui
1245 2469 1378 2512 talem
1414 2472 1652 2528 regionum
1688 2469 2033 2526 descriptionem
2069 2484 2095 2512 a
2117 2469 2313 2515 Veneris
2348 2486 2539 2532 persona

205 2539 448 2586 abhorrere
482 2549 565 2579 nec
600 2537 735 2581 verba
772 2536 819 2580 It
851 2550 980 2580 mare
1010 2543 1289 2594 proruptum
1323 2535 1518 2594 intelligi
1553 2549 1681 2595 posse
1713 2535 1945 2594 judicavit.
1981 2535 2044 2580 Et
2078 2536 2138 2581 ob
2174 2538 2360 2582 easdem·
2384 2553 2541 2584 causas

205 2606 303 2651 aliis
337 2607 427 2664 jam
461 2610 564 2647 ante
599 2618 702 2649 eum
737 2604 788 2648 hi
823 2620 972 2650 versus
1009 2603 1343 2661 displicuerant,
1379 2617 1517 2661 quum
1554 2606 1672 2646 miro
1708 2617 1875 2658 errore,
1910 2608 2001 2648 nisi
2037 2604 2170 2649 fallor
2204 2602 2353 2649 Servii
2389 2606 2536 2651 adno-

204 2678 375 2719 tatione
419 2673 618 2732 decepti,
667 2685 798 2715 mare
841 2671 895 2716 de
942 2675 1039 2731 ipso
1075 2670 1293 2725 Timavo,
1332 2677 1614 2730 proruptum
1659 2677 1810 2715 autem
1860 2686 1943 2732 pro
1976 2675 2215 2733 participio
2260 2677 2532 2735 acciperent.

204 2741 348 2785 Recte
382 2748 552 2792 contra,
601 2747 655 2781 ut
689 2740 839 2783 Thiel.
873 2738 1026 2792 refert,
1061 2739 1282 2797 Heusing.
1317 2738 1375 2781 ad
1392 2738 1568 2783 Vechn.
1601 2737 1828 2782 Hellenol.
1865 2753 1911 2798 p.
1949 2739 2044 2783 511
2084 2744 2300 2796 supinum
2334 2744 2534 2802 agnovit,

203 2820 258 2858 ut
291 2810 511 2856 sententia
545 2809 626 2851 sit.
670 2810 708 2852 it
740 2814 1012 2883 proruptum
1045 2811 1095 2850 in
1139 2821 1275 2851 mare.
1343 2804 1562 2849 Similiter
1597 2805 1644 2859 7,
1681 2805 1744 2850 32
1791 2804 2042 2849 Tiberinus
2069 2807 2119 2849 in
2151 2821 2284 2850 mare
2315 2822 2534 2865 prorum-

205 2876 304 2940 pie,
347 2884 394 2921 et
439 2873 563 2936 apud
594 2875 753 2918 Lucr.
769 2872 824 2927 6,
871 2871 970 2917 436
1003 2872 1326 2933 prorumpitur
1357 2870 1406 2914 in
1438 2884 1570 2915 mare
1600 2872 1727 2917 venti
1763 2870 1865 2917 Vis.
1934 2873 2275 2952 comparandus
2312 2883 2533 2932 praeterea

206 2944 370 2993 Strabo
390 2942 449 2990 5.
460 2957 505 3021 p-
523 2937 638 2988 214.
675 2940 732 2989 ἐν
748 2935 887 3003 αὐτῷ
922 2934 978 2986 δὲ
1011 2939 1080 3004 τῷ
1113 2940 1266 3024 μυχῷ
1299 2936 1395 2987 τοῦ
1420 2933 1619 3001 Ἀδρίου
1650 2938 1743 2984 καὶ
1777 2934 1917 3001 ἱερὸν
1949 2936 2047 2985 τοῦ
2077 2931 2368 3002 Διομήδους
2398 2936 2533 2988 ἐστὶν

211 3007 363 3070 ἄξιον
392 2998 617 3071 μνῆμης,
663 3002 726 3057 τὸ
774 2987 1023 3068 Τίμαυον·
1050 2986 1259 3089 λιμενᾶ
1301 3001 1402 3069 γάρ
1449 3008 1551 3068 ἔχει
1591 3006 1683 3053 καὶ
1730 3001 1885 3062 ἄλσος
1917 3001 2153 3069 εὐπρεπὲς
2185 3009 2280 3060 καὶ
2310 3022 2467 3067 πηγας
2499 3005 2537 3065 ζ

214 3074 476 3141 ποταμίου
508 3072 697 3133 ὕδατος
729 3070 889 3139 εὐθὺς
921 3074 986 3130 εἰς
1019 3068 1111 3133 τὴν
1143 3072 1470 3123 θάλατταν’
1442 3070 1768 3128 εκπίπτοντος
1789 3072 1987 3120 πλατεῖ
1993 3075 2090 3121 παὶ
2113 3071 2289 3135 βαθεῖ
2304 3072 2535 3137 ποταμῷ.

209 3148 390 3209 Quibus
433 3152 611 3206 praeter
652 3137 851 3192 fontium
893 3159 1054 3191 nume1
1057 3160 1133 3190 um
1177 3143 1365 3192 diversis
1420 3142 1698 3203 temporibus
1742 3142 1974 3188 diversum
2027 3152 2180 3190 nostra
2225 3144 2396 3202 optime
2443 3143 2536 3199 jam
