2863 3690
232 359 329 404 Hic
351 353 534 415 famuli
564 361 611 399 et
646 370 757 398 mox
781 349 1001 410 famulae
1035 359 1081 398 et
1115 350 1333 398 ministri.
1388 348 1560 395 Famuli
1596 364 1756 407 aquam
1792 355 2037 408 apportant
2069 347 2127 395 ad
2160 362 2322 397 manus
2356 350 2581 408 lavandas,

234 425 376 472 iidem
411 437 574 484 panem
608 426 659 467 in
694 436 849 465 mensa
884 427 1062 482 ponunt
1097 427 1143 463 et
1176 419 1381 464 mantilia
1415 416 1569 461 ferunt
1603 416 1657 461 ad
1694 430 1851 461 manus
1888 416 2142 476 tergendas.
2178 442 2180 444 v
2216 416 2363 462 Punic
2397 421 2445 463 in
2480 433 2580 464 me-

237 493 337 536 dio..
346 492 475 535 valde
510 492 682 534 alienus
716 498 783 532 est
819 499 865 533 et
898 487 1112 531 mantilia
1144 490 1332 545 pariunt
1367 485 1614 528 fastidium.
1650 487 1777 540 Quae
1814 499 1885 528 res
1921 484 2121 531 fortasse.
2142 487 2383 530 nonnullos
2421 491 2582 540 movit,

235 568 305 604 ut
322 563 578 618 cogitarent
612 558 666 601 de
702 562 878 616 mappis
912 555 969 599 ad
1002 569 1176 598 mensas
1212 552 1440 611 tegendas.
1511 552 1574 595 Et
1610 568 1689 601 cur
1722 551 1773 595 hi
1808 550 1965 602 famuli
1999 552 2092 609 jam
2133 569 2255 598 nunc
2283 568 2450 612 panem
2487 569 2581 612 po-

234 635 425 687 nerent,
451 633 593 685 quum
628 627 781 670 statim
819 628 1091 669 memoretur
1117 619 1260 665 fuisse
1295 617 1498 673 famulas,
1534 633 1646 678 quae
1681 621 1805 662 intus
1840 619 1963 664 cibos
1999 628 2231 678 pararent,
2267 621 2372 667 alias
2406 628 2453 665 et
2485 624 2579 666 mi-

235 698 432 742 nistros
450 696 531 749 qui
577 693 729 737 cibum
777 699 822 734 et
868 695 1024 736 vinum
1068 687 1302 734 infeirent.
1371 687 1425 731 In
1471 688 1584 734 Mss.
1621 687 1696 731 hic
1731 689 1897 735 iterum
1942 691 2157 732 varietas.
2202 688 2318 750 dant
2338 686 2581 748 famulae·

235 762 364 806 dant
395 759 634 804 manibus·
679 760 799 805 dant
837 757 1090 819 lympham.
1161 756 1284 799 Tum
1331 756 1460 814 panis
1505 757 1556 797 in
1591 757 1699 813 ipsis
1735 757 1943 801 canistris
1992 756 2323 814 apponebatur,
2347 798 2350 802 ,
2371 766 2417 801 et
2463 757 2581 818 apud

236 829 516 874 Homerum
531 836 576 871 et
609 826 726 885 apud
765 826 864 871 Vei
865 842 909 884 g
947 823 1144 875 8,180.
1190 821 1400 880 Denique
1436 820 1546 864 illud
1583 821 1819 878 tonsisque
1842 818 2012 877 ferunt
2045 824 2268 868 mantelia
2303 823 2422 867 villis
2456 825 2577 868 idem

236 896 409 955 legitur
429 894 510 937 Ge.
529 890 575 947 4,
613 892 712 938 376
748 892 805 937 ad
841 907 974 951 quem
1008 891 1158 936 locum
1195 889 1310 935 duo
1320 903 1472 933 versus
1509 889 1721 930 videntur
1755 885 1976 944 formati,
1991 895 2060 932 et
2073 890 2153 933 ubi
2188 892 2422 934 meliorem
2458 889 2582 933 vides

238 976 393 1006 rerum
427 961 654 1015 ordinem,
690 976 876 1019 aquam,
911 959 1148 1011 mantelia,
1180 956 1350 1000 cibos.“
1402 957 1529 1010 Quae
1565 956 1759 1013 singula,
1779 970 1870 997 non
1905 955 2248 1011 refutabo,·hoc
2283 967 2459 1002 tantum
2494 957 2581 999 ad-

239 1030 436 1084 diturus,
478 1026 776 1087 Cereremque
811 1026 1034 1072 canistris
1069 1024 1319 1083 expediunt
1355 1039 1444 1068 non
1481 1022 1627 1067 videri
1662 1026 1722 1066 ita
1759 1022 2106 1082 intelligendum
2141 1041 2248 1080 esse,
2285 1029 2408 1086 quasi
2425 1025 2583 1071 {amuli

239 1109 405 1155 panem
441 1110 467 1139 e
504 1094 723 1140 canistris
757 1095 981 1139 sublatum
1018 1096 1065 1136 in
1100 1095 1267 1137 mensis
1303 1092 1550 1149 posuenint,
1587 1088 1713 1151 quod
1749 1103 1853 1154 sane
1889 1097 2045 1134 contra
2083 1092 2314 1151 vulgarem
2338 1100 2581 1139 consuetu-

239 1165 394 1208 dinem
430 1172 667 1223 pugnunffet
703 1163 779 1204 sed
817 1163 872 1204 de
908 1176 1022 1219 pane
1059 1165 1225 1216 potius,
1263 1173 1398 1220 quem
1434 1158 1485 1199 in
1518 1157 1737 1199 canistris
1773 1161 2041 1209 struxerint,
2076 1167 2129 1201 ut
2163 1164 2415 1203 coenaturis
2452 1174 2582 1218 para-

240 1242 315 1275 tus
350 1241 479 1274 esset.
551 1232 621 1275 Cf.
659 1231 762 1273 Val.
801 1231 941 1273 Flacc.
979 1231 1027 1283 2,
1067 1229 1162 1272 341
1214 1226 1378 1270 mediis
1401 1222 1621 1281 famulae
1657 1224 1869 1268 convivia
1904 1225 2037 1268 tectis
2074 1226 2358 1290 Expediunt.
2431 1228 2579 1271 Man-

239 1298 355 1344 telia
386 1314 478 1342 non
514 1298 659 1342 solum
696 1306 799 1353 post
832 1312 1048 1341 manuum
1084 1296 1352 1340 lavationem
1388 1292 1465 1336 sed
1502 1296 1551 1337 in
1585 1296 1679 1349 ipsa
1714 1308 1851 1336 coena
1886 1292 1939 1337 ad
1978 1308 2135 1338 manus
2171 1295 2409 1353 teigendas
2445 1310 2580 1338 usur-

240 1373 344 1424 pata
379 1379 472 1409 esse
511 1364 694 1409 Becker.
732 1364 861 1409 docet
912 1363 1030 1409 Gall.
1069 1362 1097 1406 2
1135 1375 1181 1419 p.
1222 1361 1333 1407 153.
1405 1362 1501 1405 Nec
1538 1359 1828 1418 cogitandum
1862 1367 1946 1417 est,
1982 1361 2160 1405 eosdem
2195 1359 2384 1424 famulos
2420 1375 2582 1423 aquam

239 1446 403 1490 panem
439 1434 646 1474 mantelia
684 1433 901 1487 attulisse,
936 1431 1012 1473 sed
1049 1431 1207 1473 eodem
1244 1436 1446 1484 tempore
1482 1444 1505 1469 a
1543 1428 1730 1469 diversis
1765 1426 1945 1476 famulis
1980 1428 2066 1470 hoc
2101 1442 2193 1470 esse
2228 1428 2427 1488 factum.
2458 1430 2584 1471 Haec

241 1507 392 1541 autem
427 1503 593 1551 omnia,
628 1499 836 1556 lymphas
873 1500 1021 1550 datas,
1071 1501 1263 1539 canistra
1299 1511 1402 1537 cum
1443 1510 1571 1550 pane,
1608 1495 1818 1536 mantelia
1855 1498 1903 1536 in
1939 1496 2056 1550 justa
2091 1500 2288 1539 convivii
2322 1497 2441 1553 apud
2476 1499 2583 1552 epi-

240 1581 346 1609 cum
383 1573 563 1623 poetam
597 1565 911 1624 desciiptione
933 1568 1223 1622 requirimus.

451 1632 567 1677 716.
605 1631 670 1676 Et
703 1647 930 1690 magnum
952 1629 1078 1690 salsi
1111 1629 1317 1689 implevit
1345 1607 1576 1688 genitoris
1611 1643 1831 1673 amorem.
1903 1630 2042 1674 Plane
2076 1644 2160 1689 ego
2196 1634 2411 1675 assentior
2446 1633 2585 1675 veris-

243 1704 382 1743 simae
417 1701 592 1758 Heynii
629 1703 1016 1757 interpretationi·
1053 1698 1360 1752 „desiderium
1396 1712 1454 1739 ex
1489 1698 1686 1739 absentia
1724 1708 1816 1757 quo
1852 1704 1977 1754 pater
2012 1699 2262 1752 tenebatur,
2298 1699 2421 1741 dixit
2455 1713 2585 1741 amo-

242 1783 345 1812 rem
377 1782 620 1825 magnum,
657 1781 792 1828 quem
830 1781 941 1823 ριιει
975 1782 1097 1810 nunc
1131 1766 1332 1822 explevit
1367 1769 1544 1808 satiavit
1578 1765 1834 1820 amplexu&
1871 1765 1998 1818 Quae
2034 1766 2087 1809 Ρ.
2124 1780 2217 1808 ιιοιι
2253 1765 2432 1819 refellit,
2469 1766 2587 1810 illud

243 1843 395 1879 tamen
443 1833 687 1890 objiciens:
720 1831 859 1893 filius
904 1848 1111 1877 amorem
1151 1831 1307 1891 patris
1352 1833 1422 1875 vel
1459 1846 1578 1891 erga
1607 1838 1795 1891 patrem
1828 1827 1987 1891 implet
2021 1832 2137 1878 nihil
2173 1833 2293 1879 aliud
2331 1833 2585 1893 siguificare

241 1917 372 1960 posse
411 1905 500 1945 nisi
536 1903 655 1944 filius
691 1917 735 1944 se
771 1917 875 1959 erga
915 1910 1085 1958 patrem
1122 1903 1184 1942 ita
1219 1903 1353 1957 gerit,
1388 1908 1439 1942 ut
1474 1901 1530 1942 ad
1567 1914 1764 1948 amorem
1799 1906 1844 1941 et
1878 1903 2090 1954 pietatem
2129 1900 2244 1943 nihil
2280 1902 2411 1944 desit.
2464 1904 2584 1945 Nam

244 1984 389 2031 quum
424 1968 614 2029 implere
647 1984 824 2026 semper
859 1977 989 2028 cogat
1026 1977 1075 2011 ut
1111 1969 1166 2012 de
1204 1982 1412 2010 mensura
1431 1971 1711 2025 cogitemus,
1746 1965 1937 2023 implere
1973 1982 2179 2010 amorem
2193 1968 2329 2016 nihil
2355 1983 2448 2012 esse
2472 1972 2583 2012 nisi·

244 2051 503 2080 mensuram
536 2040 700 2079 amoris
736 2037 939 2092 implere·
1011 2039 1117 2081 Non
1152 2038 1321 2077 ιιιὶιιιιιι
1358 2042 1438 2088 est,
1476 2036 1608 2077 talem
1643 2037 1912 2077 sententiam
1948 2035 2262 2091 Peeilkampio
2297 2038 2381 2092 ipsi
2419 2035 2583 2092 displi-

245 2107 404 2157 cuisse,
441 2106 520 2164 qui
560 2111 792 2160 propterea
828 2103 969 2147 multa
1005 2103 1079 2147 hic
1114 2101 1293 2147 turbata
1330 2117 1421 2145 esse
1458 2105 1722 2158 suspicatur.

456 2170 552 2216 721
593 2186 655 2228 sq.
701 2178 746 2213 et
790 2170 893 2212 vivo
929 2177 1078 2213 tentat
1108 2175 1403 2229 praevertere
1450 2183 1608 2211 amore
1642 2190 1709 2199 —
1744 2168 2022 2228 desuetaque
2057 2169 2212 2213 corda.
2282 2171 2391 2214 Tria
2428 2174 2476 2214 in
2511 2171 2584 2214 his

244 2239 396 2283 verbis
438 2253 463 2280 a
505 2238 815 2294 Peerlkampio
865 2241 1113 2294 vituperata
1158 2243 1287 2277 sunt:
1333 2243 1483 2278 tentat
1517 2236 1661 2278 lenius
1696 2249 1788 2277 esse
1823 2235 1879 2279 de
1917 2237 2188 2292 Cupidine„
2217 2240 2295 2294 qui
2330 2253 2437 2295 quas
2473 2239 2584 2281 velit

244 2304 387 2350 facilis
422 2304 650 2358 incendat,
683 2311 980 2362 praevertere
1013 2304 1255 2348 obscurum
1291 2303 1476 2346 et1huic
1510 2303 1610 2346 loco
1646 2306 1793 2346 minus
1828 2302 2065 2356 idoneum,
2112 2304 2215 2347 vivo
2251 2319 2410 2349 amore
2443 2305 2583 2363 frigi-

247 2373 374 2428 dum,
418 2381 647 2430 tamquam
692 2376 953 2429 oppositum
990 2375 1050 2414 sit
1096 2377 1276 2414 mortuo
1310 2373 1468 2413 amori.
1548 2369 1719 2426 Injusta
1764 2377 1914 2414 tamen
1958 2371 2034 2414 illa
2081 2375 2383 2432 vituperatio,
2438 2387 2584 2433 quum

245 2446 429 2483 tentare
462 2442 629 2495 optime
664 2442 904 2482 conveniat
940 2437 1226 2496 p1aecedenti
1256 2436 1491 2494 paulatim
1526 2434 1707 2479 abolere
1742 2436 1924 2496 incipit,
1971 2451 2056 2480 nec
2102 2441 2252 2484 minus
2286 2447 2407 2485 recte
2435 2453 2582 2500 prae-

245 2514 426 2551 vertere
457 2506 631 2553 dictum
664 2511 737 2549 sit.
808 2508 1020 2567 Namque
1056 2514 1107 2548 ut
1143 2509 1191 2547 in
1228 2519 1361 2547 cursu
1398 2511 1547 2547 minus
1585 2505 1779 2548 velocem
1817 2509 2154 2561 praevertimus,
2193 2507 2239 2559 7,
2275 2506 2374 2552 807
2411 2522 2582 2550 cursu-

248 2590 334 2634 que
363 2573 537 2633 pedum
565 2582 860 2631 praevertere
893 2582 1078 2627 ventos,-
1127 2575 1177 2625 1,
1223 2572 1321 2616 317
1368 2572 1687 2630 volucremque
1707 2569 1840 2629 suga
1878 2573 2191 2628 praevertitur
2222 2565 2473 2621 Hebrum·
2452 2592 2473 2631 ,⁰
2518 2579 2581 2618 sic

249 2640 430 2699 Cupido
461 2638 640 2684 resides
675 2639 855 2683 animos
889 2644 1132 2696 praevertit
1166 2643 1257 2684 sive
1293 2642 1545 2696 praecurrit
1579 2642 1685 2683 vivo
1720 2650 1885 2691 amore,
1919 2646 2155 2698 antequam
2190 2645 2453 2685 memoriam
2488 2642 2580 2702 sy-

246 2709 377 2753 chaei
414 2721 550 2767 paene
585 2708 801 2753 abolitam
834 2721 1050 2752 renovare
1085 2711 1274 2766 possint.
1343 2707 1408 2751 Et
1439 2707 1573 2750 vivus
1617 2721 1750 2750 amor
1783 2711 2026 2765 opponitur
2069 2712 2212 2753 amori
2247 2712 2294 2752 in
2329 2708 2582 2769 Sychaeum

248 2791 391 2836 paene
426 2781 649 2838 exstincto
685 2780 935 2835 animisque
973 2776 1210 2821 residibus.
1251 2777 1304 2820 P.
1342 2780 1494 2820 tractis
1531 2775 1620 2819 huc
1655 2789 1769 2836 quae
1805 2790 1937 2834 supin
1973 2780 2018 2820 in
2056 2781 2355 2835 suspicionem
2393 2784 2580 2834 vocavit,

251 2844 448 2889 scribere
486 2848 722 2902 proponit·
783 2844 1016 2907 paulatim
1068 2841 1254 2887 abolere
1302 2843 1564 2903 Sychaeum
1607 2842 1799 2902 Incipit,
1859 2851 1904 2887 et
1933 2841 2065 2901 salsi
2105 2843 2311 2903 implevit
2347 2845 2579 2929 genitoris

250 2926 421 2957 amore
454 2909 565 2953 Jam
589 2911 772 2971 pridem
806 2911 982 2956 resides
1016 2911 1203 2955 animos
1237 2911 1520 2970 desuetaque
1555 2910 1715 2955 corda.

465 2977 575 3022 737.
612 2972 875 3039 Primaque,
907 2973 1070 3033 libato,
1105 2995 1284 3022 summo
1320 2987 1454 3022 tenue
1488 2978 1653 3037 attigit
1687 2995 1780 3024 ore.
1850 2978 2028 3024 Libato
2062 2994 2155 3022 non
2191 2979 2430 3025 admodum
2466 2957 2579 3041 gra-

250 3057 349 3091 tum
394 3048 472 3090 hic
516 3059 609 3086 esse
626 3047 987 3095 concedendum
1022 3055 1114 3100 est,
1154 3047 1318 3107 prima
1353 3055 1504 3089 autem
1539 3047 1592 3090 P.
1626 3045 1793 3090 frustra
1827 3047 2129 3104 reprehendit.
2196 3049 2318 3091 Nam
2352 3053 2388 3091 si
2420 3065 2499 3107 per
2534 3067 2579 3093 se

251 3115 526 3174 intelligitur
559 3119 606 3156 et
640 3122 850 3173 sequente
886 3122 985 3158 tum
1019 3129 1397 3174 supervacaneum
1432 3120 1525 3168 est,
1568 3115 1775 3158 similiter
1818 3113 2234 3159 innumerabilibus*
2257 3115 2366 3160 locis
2397 3116 2580 3173 primus
