2863 3690
2503 285 2538 344 ι’

208 430 345 480 behet
377 432 530 491 litoris
556 429 641 474 ad
637 428 775 492 'quod
793 426 971 473 Aeneas
1003 427 1252 488 appulerit
1252 425 1377 470 inde
1404 428 1537 486 petiit
1571 426 1959 489 significationem.
1997 431 2063 474 Ita
2080 431 2259 492 Jupiter
2293 439 2339 476 et
2368 432 2543 504 sibyll·

211 493 400 562 quibus·
407 502 598 543 constat
612 492 813 553 fntffi‘am
847 509 940 539 esse
973 494 1136 539 urbem
1151 494 1395 537 Lavinium
1414 489 1460 547 4,
1496 493 1619 539 236.
1651 492 1755 537 Nec
1782 491 1962 554 prolem
1976 497 2237 542 Ausoniam
2270 486 2543 547 etL‘abt‘m'd

210 565 401 627 retpfcl't
434 567 577 619 ma,
595 564 656 618 Ι6,
673 550 763 609 84
793 563 843 607 in
866 573 1025 621 ’'reg-na
1043 560 1221 605 Lavini
1230 560 1546 605 Dardamdae
1576 562 1794 615 venient,
1808 579 1898 621 quo
1933 563 2031 608 loco
2065 567 2209 610 multo
2243 567 2451 612 deterius
2472 569 2546 614 est

211 633 335 693 qdod
368 634 437 678 Ρ.
449 638 482 676 e
512 631 649 675 bodd.
684 630 983 689 quibusdam
989 635 1082 672 non
1115 632 1220 672 satis
1256 629 1501 688 exploratis
1525 630 1761 688 praetulit,
1796 645 1946 688 regna
1980 631 2161 677 Latini.
2207 635 2328 679 Nam
2345 635 2546 683 Lavini&

212 701 562 745 commemorato
596 702 760 758 certam
797 697 988 739 Teucris
1021 698 1081 738 in
1105 693 1230 739 Italia
1265 696 1415 739 sedem
1450 703 1712 753 certumque
1746 708 1937 755 regnum
1964 698 2138 758 Sibylla
2173 703 2460 756 vaticinatur,
2492 695 2548 759 ἰᾷ

212 767 361 828 quod
359 756 550 811 Aeneas
583 780 627 811 v.
665 763 755 810 66.
779 770 995 807 oraverat.
1063 754 1118 808 Ρ.
1154 762 1254 807 illos
1288 764 1413 807 locos
1453 778 1477 806 a
1523 769 1679 807 nostro
1715 761 1919 822 diversos
1945 780 2038 810 esse
2073 774 2227 827 putat,
2263 770 2541 829 quamquam

213 839 264 878 in
303 850 353 878 ea
396 848 445 877 re
479 847 594 892 quae
625 832 700 874 hic
744 835 895 890 agitui
942 830 1058 873 nihil
1093 830 1323 873 differunt.
1394 832 1499 885 Quo
1533 832 1635 887 jure
1678 833 1801 872 enim
1837 832 2033 890 Jupiter
2046 842 2093 877 et
2126 834 2319 894 sibylla
2337 834 2544 881 Εσνίὲιία

213 905 345 956 arba,-
368 904 540 960 regna
563 895 742 941 Lavini
771 897 987 940 ‘dixerunt
1021 912 1104 957 pro
1139 900 1258 939 arvis
1292 897 1365 940 vel
1398 899 1550 955 regnis
1585 911 1607 938 a
1637 896 1832 940 Lavinio
1868 898 2125 944 condendo
2135 900 2540 962 appellandis,eo-

212 969 327 1014 dem
335 969 503 1028 ¹'V'e'rff
528 959 735 1009 Davinia
767 965 907 1008 litora
951 964 1032 1023 pro
1075 964 1286 1006 litoribus
1322 967 1473 1022 posuit
1507 968 1554 1006 in
1591 964 1754 1021 quibus
1790 965 2035 1009 Lavinium
2077 967 2364 1012 condendum
2407 969 2541 1015 foret.

212 1028 374 1096 Neque
408 1036 511 1078 lioc
525 1037 626 1076 'sine
659 1037 834 1075 ratione
867 1031 1211 1089 fecit.1pseP.
1247 1030 1302 1074 ad
1339 1035 1381 1074 v.
1406 1031 1484 1075 13.
1521 1036 1630 1073 scite
1664 1030 1934 1087 observavit,
1969 1037 2020 1076 in
2055 1034 2274 1079 exordiis
2287 1038 2542 1082 carminum

211 1104 444 1165 epicorum
488 1092 629 1144 solere
675 1098 845 1157 aliquid
891 1097 1070 1141 obscuri
1112 1111 1227 1149 esse,
1285 1097 1408 1155 quod
1453 1096 1609 1142 lectori
1654 1097 1986 1154 conjiciendum
2031 1099 2308 1159 relinquatur
2351 1103 2539 1164 ejusque

212 1169 435 1212 animum
459 1170 793 1226 exspectatione
837 1165 1053 1207 intendat.
1130 1165 1390 1208 Αιῑίἣοίοεε
1435 1168 1577 1222 igitur
1623 1172 1750 1223 poeta
1799 1166 2015 1209 vocabulo
2058 1167 2265 1209 Lavinia
2307 1185 2411 1212 usus
2456 1179 2540 1226 est,

212 1251 396 1280 omnem
409 1233 625 1277 fatomm
647 1233 829 1276 Aeneae
864 1235 1023 1274 seriem
1058 1240 1292 1289 totumque
1327 1236 1539 1274 carminis
1573 1240 1899 1290 argumentum
1917 1239 2195 1291 paucissimis
2232 1236 2377 1278 verbis
2410 1254 2538 1282 com-

213 1302 533 1363 prehensurus.
637 1298 821 1342 Etenim
864 1313 888 1341 a
935 1299 1100 1355 Troiae
1143 1301 1477 1358 expugnatione
1520 1301 1673 1358 pergit
1715 1298 1828 1341 illud
1872 1300 1927 1342 ad
1973 1301 2122 1345 Turni
2171 1304 2538 1359 internecionem,

215 1372 293 1429 qui
338 1370 563 1429 imprimis
607 1380 664 1409 ne
707 1363 883 1410 Aeneas
926 1366 1165 1409 Laviniam
1212 1365 1397 1408 duceret
1441 1373 1486 1407 et
1531 1364 1642 1408 urbe
1696 1365 1926 1409 condenda
1972 1372 2099 1426 regni
2148 1372 2369 1429 particeps
2414 1371 2541 1416 fieret

213 1438 466 1482 obstiterat.
494 1440 498 1445 '
533 1435 611 1478 Ille
648 1450 753 1479 vero
787 1435 989 1477 laborum
1025 1433 1128 1476 finis
1164 1448 1304 1492 quum
1338 1448 1420 1492 per
1454 1431 1660 1476 Lavinia
1692 1432 1833 1475 litora
1867 1435 1999 1493 paulo
2044 1436 2276 1480 obscurius
2311 1439 2537 1497 significa-

212 1508 286 1563 tus'
319 1507 395 1558 sit,
430 1502 615 1546 additur
648 1501 832 1546 deindet
867 1501 979 1544 dum
1013 1501 1228 1544 conderet
1261 1499 1433 1553 urbem,
1470 1501 1590 1558 quod
1626 1507 1725 1543 tum
1760 1508 1937 1545 tantum
1956 1506 2185 1561 ingratum
2220 1511 2266 1547 et
2299 1506 2539 1551 molestum

213 1581 354 1628 esset,
400 1573 438 1614 si
482 1577 645 1614 nomen
682 1567 937 1612 Lavinium
979 1572 1270 1627 repeteretur.
1338 1568 1464 1612 Malo
1508 1571 1650 1628 igitur
1693 1567 1826 1611 talem
1863 1569 2091 1629 prolepsin
2137 1578 2354 1626 statuere,
2405 1588 2540 1631 quam

215 1640 337 1698 quod
372 1638 557 1693 fortasse
600 1638 730 1678 alicui
775 1641 821 1678 in
859 1643 1055 1679 mentem
1095 1639 1264 1687 veniat,
1298 1636 1430 1677 litora
1465 1637 1540 1678 illa
1574 1636 1666 1691 jam
1699 1643 1802 1677 ante
1837 1635 2020 1679 Aeneae
2056 1638 2297 1681 adventum
2335 1639 2540 1683 Lavinia

213 1705 570 1766 appellata-esse,
606 1719 630 1746 a
664 1704 859 1747 Lavinio
891 1703 1048 1746 Latini
1083 1701 1221 1745 fratre
1256 1717 1390 1760 quem
1425 1712 1528 1746 ante
1561 1702 1685 1745 hune
1719 1706 1960 1761 imperium
1995 1708 2191 1749 tenuisse
2225 1706 2406 1750 Servius
2451 1711 2538 1751 tri-

213 1773 298 1817 bus
331 1764 440 1817 locis
474 1772 612 1815 tradit
652 1771 706 1824 1,
740 1770 798 1824 23
848 1770 892 1823 7,
939 1769 1017 1814 59.
1044 1768 1170 1814 678.
1208 1769 1375 1813 addens
1409 1778 1634 1830 praeterea
1670 1770 1766 1827 ejus
1800 1784 1991 1828 regnum
2027 1772 2247 1816 audivisse
2282 1773 2549 1818 Lavinium:

212 1841 353 1885 Hunc
386 1839 628 1882 LaVinium
663 1851 808 1895 neque
835 1836 977 1893 Verg.
1015 1850 1283 1894 quamquam
1322 1836 1367 1889 7,
1404 1836 1484 1880 45.
1518 1837 1790 1880 Latinorum
1825 1851 1983 1895 regum
2020 1839 2270 1896 catalogum
2306 1841 2537 1899 praebens,

211 1922 296 1951 nec
330 1914 549 1965 quantum
583 1909 674 1948 scio
709 1906 826 1946 alius
855 1906 1088 1960 quisquam
1124 1907 1396 1962 scriptorum
1433 1910 1774 1955 commemorat,
1810 1911 1861 1945 ut
1897 1912 2017 1947 totus
2052 1904 2236 1948 fortasse
2272 1922 2355 1966 pro
2382 1923 2535 1966 gram-

212 1978 479 2018 maticorum
523 1979 777 2015 commento
822 1971 1054 2015 habendus
1098 1974 1182 2023 sit3
1247 1971 1463 2029 prolepsis
1508 1977 1662 2013 contra
1709 1972 1928 2029 permulta
1972 1973 2175 2031 exempla
2223 1975 2339 2033 apud
2385 1978 2536 2033 ipsum

211 2040 473 2100 Vergilium
507 2042 816 2091 inveniuntur,
852 2050 1043 2097 quorum
1079 2038 1293 2081 nonnulla
1328 2052 1480 2081 severo
1506 2036 1647 2095 judici
1684 2040 1825 2095 magis
1852 2038 2086 2097 displicere
2111 2043 2302 2099 possint,
2338 2041 2539 2085 aPeerl-

213 2111 396 2169 kampio
441 2112 590 2166 tamen
622 2108 900 2167 >plerumque
943 2109 1039 2148 sine
1084 2105 1377 2148 dubitationis
1423 2113 1529 2148 nota
1563 2104 1714 2147 relicta
1750 2113 1866 2149 sunt.
1902 2106 1947 2159 7,
1987 2106 2083 2151 186
2131 2108 2241 2151 Pico
2285 2107 2543 2164 Quirinalis

212 2178 356 2223 lituus
399 2176 644 2231 tribuitur3
691 2170 751 2231 4,
799 2174 895 2218 275
933 2174 1190 2217 Mercurius
1238 2172 1443 2216 Aeneae:
1492 2172 1568 2214 cui
1600 2170 1750 2231 (Iulo)
1796 2188 1993 2232 regnum
2028 2173 2196 2217 Italiae
2231 2175 2538 2236 Romanaque

213 2246 351 2290 tellus
384 2243 618 2304 debentur,
664 2256 797 2300 quem
831 2242 981 2284 locum
1017 2241 1068 2284 P.
1102 2239 1269 2282 frustra
1314 2245 1531 2294 tentavit,
1576 2239 1631 2293 8,
1683 2236 1780 2283 347
1817 2241 2027 2284 Evander
2063 2243 2267 2286 Aeneam
2302 2243 2431 2286 Hinc
2475 2244 2542 2287 ad

224 2298 481 2373 Dzrpejam
508 2309 661 2355 sedem
695 2317 739 2353 et
775 2306 1005 2368 Capitolia
1039 2306 1192 2361 ducit,-
1228 2307 1325 2353 360
1363 2308 1500 2352 iidem
1536 2313 1752 2351 armenta
1784 2306 2001 2352 videbant
2018 2308 2322 2370 Romanoque
2341 2306 2459 2368 foro
2494 2317 2542 2355 et

213 2380 358 2424 lautis
392 2379 574 2437 mugire
613 2376 821 2429 Carini83
855 2377 910 2429 3,
950 2375 1062 2419 552.
1089 2374 1212 2419 688.
1249 2375 1348 2419 700
1384 2371 1561 2417 Aeneas
1580 2375 1753 2418 Didoni
1784 2375 2058 2419 Graecorum
2093 2381 2141 2419 in
2170 2378 2375 2421 Calabria
2391 2378 2542 2420 Brut-

212 2452 288 2493 tiis
324 2448 473 2491 Sicilia
521 2446 714 2488 colonias
760 2451 992 2486 enumerat
1037 2458 1144 2502 quas
1190 2449 1365 2502 praete1
1371 2450 1518 2485 vectus
1564 2446 1649 2496 sit,
1699 2442 1961 2485 Cauloniam
2007 2444 2267 2502 Scylaceum
2304 2446 2541 2505 Megaram

213 2515 447 2575 Thapsum
485 2513 644 2557 Gelam
679 2513 990 2571 Agiigentum
1029 2513 1338 2563 Camerinam,
1391 2525 1545 2555 omnes
1580 2511 1718 2567 longo
1752 2517 1951 2568 tempore
1984 2518 2087 2569 post
2130 2511 2350 2556 conditas.
2418 2512 2543 2572 Ipsae

215 2583 383 2627 Cumae
417 2581 622 2624 nondum
661 2578 863 2631 fuerunt,
900 2593 989 2635 quo
1025 2586 1226 2636 tempore
1249 2574 1425 2620 Aeneas
1451 2578 1500 2633 6,
1537 2578 1583 2620 2.
1621 2574 1838 2620 Euboicis
1880 2574 2132 2620 Cumarum
2167 2578 2389 2622 allabitur
2424 2579 2534 2632 orie,

213 2665 265 2695 ac
298 2653 447 2693 minus
481 2647 591 2689 adeo
627 2646 850 2689 Daedalus
885 2644 1037 2701 6,17
1074 2661 1211 2704 super
1251 2642 1518 2687 Chalcidica
1553 2659 1660 2687 arce
1692 2642 1903 2686 adsistere
1939 2649 2102 2704 potuit.
2153 2644 2324 2689 Portae
2346 2645 2404 2689 V
2396 2645 2541 2690 dmm

215 2719 262 2771 6,
284 2716 396 2761 366
431 2717 607 2769 omitto,
644 2717 747 2770 quia
784 2713 837 2755 P.
874 2726 1007 2755 omne
1042 2713 1097 2756 de
1133 2713 1346 2756 Palinuro
1381 2712 1682 2771 episodium,
1687 2718 1751 2763 ,ut
1784 2711 1962 2769 longius
2007 2720 2052 2755 et
2085 2728 2169 2772 pro
2204 2721 2350 2756 cetera
2385 2728 2540 2757 rerum

214 2788 434 2844 gravitate
467 2782 607 2825 levius
642 2794 725 2822 nec
760 2794 864 2821 eum
899 2787 1166 2837 argumento
1209 2782 1311 2821 satis
1347 2779 1671 2836 conjunctum,
1717 2782 1904 2820 omnino
1948 2788 2095 2821 autem
2130 2788 2182 2821 ut
2215 2780 2428 2839 Vergilio
2461 2784 2540 2823 vix

215 2852 441 2911 dignum“
477 2849 656 2893 exulare
690 2847 835 2903 jussit.
887 2847 1044 2889 Plura
1080 2847 1134 2890 de
1168 2847 1238 2890 his
1272 2861 1321 2888 ac
1356 2845 1578 2889 similibus
1613 2846 1723 2889 loeis
1758 2842 1958 2888 Iacobus
1992 2846 2237 2905 disputavit
2272 2850 2323 2892 in
2351 2847 2537 2903 Quaen.

216 2916 378 2981 Epieis
410 2931 455 2977 p.
478 2915 589 2962 186
627 2929 721 2975 sqq.
758 2928 782 2956 a
818 2928 907 2972 quo
943 2916 991 2956 in
1027 2927 1079 2956 eo
1115 2913 1344 2966 dissentio,
1387 2912 1506 2970 quod
1552 2914 1625 2956 ille
1672 2915 1722 2955 in
1758 2919 1882 2968 parte
1927 2925 2082 2957 eorum
2120 2913 2352 2973 prolepsin
2396 2929 2538 2975 agno—

217 3000 338 3033 scere
371 2980 564 3040 dubitat,
599 2987 739 3043 quum
773 2984 868 3024 sine
903 2982 1040 3024 dubio
1076 2983 1290 3038 prolepsis
1333 2984 1413 3031 sit,
1456 2984 1629 3022 etiamsi
1678 2994 1725 3021 ea
1760 2980 1890 3022 facilc
1924 2980 2033 3023 ferri
2069 2990 2115 3024 et
2148 2988 2355 3025 excusari
2391 2986 2539 3038 possit.

215 3057 296 3101 Illa
331 3057 475 3113 igitur
508 3056 547 3095 si
580 3052 798 3102 feremus,
848 3065 941 3092 non
974 3056 1041 3091 est
1076 3049 1209 3109 quod'
1232 3047 1521 3108 repudiemus
1558 3045 1763 3090 Lavinia
1796 3047 1962 3101 litora,
2008 3062 2123 3109 quae
2161 3059 2383 3107 praeterea
2418 3051 2539 3092 notis

214 3124 446 3183 Propertii
481 3120 684 3166 versibus
721 3117 1043 3163 confirmantur
1078 3116 1133 3171 2,
1170 3113 1231 3160 34
1247 3149 1259 3171 ,
1296 3115 1376 3160 63.
1436 3113 1529 3172 Qui
1561 3130 1683 3158 nunc
1711 3117 1896 3159 Aeneae
1940 3113 2141 3178 Tro'jani
2174 3117 2366 3161 suscitat
2400 3122 2540 3159 arma

216 3191 442 3252 Iac-taque
454 3187 656 3234 Lavinio
688 3186 871 3231 moenia
904 3183 1139 3239 litoribus5
1172 3196 1284 3245 quos
1322 3187 1402 3228 vix
1424 3184 1652 3228 'credibile
1687 3192 1753 3227 est
1787 3185 1914 3227 illum
1952 3200 2047 3228 non
2067 3186 2183 3230 lecto
2217 3192 2339 3228 antea
2363 3184 2540 3228 Aenei-
